1586 2514
540 74 687 111 CARM.
713 75 781 112 1111
802 80 844 111 u
880 79 936 112 16.
1331 77 1413 120 137

269 179 313 217 te
335 173 557 218 Cantaber
580 189 667 219 non
687 180 791 218 ante
814 174 1049 218 domabilis

269 232 516 290 Medusque
543 240 588 278 'et
618 233 770 285 Indus,
801 240 844 277 te
874 235 1092 291 profugus
1124 235 1307 291 Scythes

323 292 524 346 miratur,
547 308 576 337 0
602 293 741 337 tutela
766 308 967 350 praesens

377 351 536 396 Italiae
556 352 845 409 dominaeque
869 353 1048 396 Romae.

269 464 312 502 te
339 459 536 503 fontium
563 460 641 516 qui
670 460 782 503 celat
810 461 1003 517 origines
1381 479 1415 504 45

271 517 489 575 Nilusque
519 525 563 562 et
595 519 763 571 Hister,
797 526 839 563 te
872 520 1051 577 rapidus
1086 521 1249 578 Tigris,

324 585 366 621 te
390 578 590 622 beluosus
613 579 691 635 qui
717 580 895 623 remotis

376 637 590 695 obstrepit
619 638 816 683 Oceanus
848 639 1092 691 Britannis,

270 751 313 788 te
339 761 426 789 non
452 752 656 803 paventes
682 747 842 790 funcra
868 747 1044 792 Galliae

269 804 489 862 duraeque
516 805 645 849 tellus
673 806 801 850 audit
830 807 1055 858 Hiberiae,
1379 825 1417 852 50

323 870 366 907 te
389 864 517 908 caede
540 865 780 922 gaudentes
808 866 1045 923 Sygambri

376 925 614 981 conpositis
644 933 906 969 venerantur
937 927 1084 970 armis.

682 1128 784 1171 XV.

271 1209 473 1254 Phoebus
497 1210 713 1255 volentem
740 1212 907 1268 proelia
933 1229 1001 1256 me
1028 1215 1150 1270 loqui

268 1269 405 1313 victas
435 1277 480 1313 et
513 1269 634 1314 urbis
666 1271 886 1327 increpuit
918 1272 1029 1328 lyra,

319 1344 372 1372 ne
401 1345 535 1386 parva
567 1330 844 1388 Tyrrhenum
875 1347 952 1389 per
981 1348 1141 1390 aequor

373 1388 469 1432 vela
491 1389 653 1433 darem.
690 1397 779 1442 tua,
807 1391 979 1444 Caesar,
1006 1400 1123 1436 aetas

268 1495 421 1553 fruges
445 1502 489 1540 et
513 1497 633 1554 agris
658 1498 832 1541 rettulit
859 1499 1009 1543 uberes
1396 1519 1413 1544 ι

269 1561 312 1598 et
334 1555 462 1612 signa
485 1563 632 1602 nostro
656 1558 852 1602 restituit
878 1559 971 1602 Iovi

331 1614 510 1672 derepta
540 1616 806 1661 Parthorum
836 1619 1036 1676 superbis

375 1675 574 1732 postibus
593 1683 637 1720 et
657 1693 837 1721 vacuom
858 1678 1018 1724 duellis

270 1782 428 1826 Ianum
453 1782 633 1838 Quirini
657 1785 815 1843 clausit
839 1792 883 1844 et
904 1787 1103 1831 ordinem

267 1847 433 1885 rectum
461 1844 666 1900 evaganti
695 1845 823 1888 frena
852 1846 1054 1890 licentiae
1379 1866 1414 1892 10

321 1901 476 1945 iniecit
498 1904 745 1960 emovitque
769 1905 918 1962 culpas

373 1967 418 2005 et
440 1969 604 2006 veteres
629 1965 845 2008 revocavit
870 1966 991 2018 artis,

148 2064 273 2112 &tal
369 2065 555 2115 63:34⁵

149 2158 201 2196 49
225 2161 400 2207 pauentis
423 2161 475 2211 Θ
499 2164 655 2210 Ρονρή.,
680 2168 862 2211 pauentes
889 2168 961 2203 Aa

151 2207 200 2244 15
238 2220 345 2255 posse
392 2206 501 2259 ¹⁸¹0an
543 2222 623 2248 eum
669 2224 778 2250 carm.
821 2214 868 2251 14
911 2216 1066 2253 adnotat
1113 2217 1233 2263 (Ps..2)
1281 2220 1415 2266 Porpla.

56 2255 76 2292 ⁷
110 2255 275 2302 Dempta
306 2270 346 2301 ς,
373 2257 531 2304 Dii-epta
560 2259 609 2307 Θ
632 2260 684 2309 Θ
821 2264 846 2297 9
878 2264 1017 2308 quirini
1047 2265 1096 2313 Θ
1119 2265 1186 2314 Θ,
1219 2265 1415 2309 Quirinum

54 2304 230 2342 Pamrat
321 2305 371 2342 10
395 2307 573 2353 euaganti
598 2308 648 2355 Θ
671 2321 699 2345 π
724 2311 878 2356 Por-ph„
904 2314 943 2347 et
961 2313 1120 2357 uaganti
1147 2314 1259 2358 (deest
1283 2315 1340 2356 0¹)
1365 2315 1418 2364 Θ

55 2351 101 2388 11
131 2352 274 2389 emonii:
296 2353 346 2401 <D
361 2353 414 2402 Θ
438 2355 574 2402 Por-ph.
597 2357 636 2400 (i.
656 2358 763 2394 schol.
786 2361 816 2394 Α
832 2359 889 2404 V),
915 2360 1077 2397 dimouit
1101 2361 1194 2397 δῑπι
