1586 2514
603 74 750 111 ΕΡιεΤ.
778 75 792 110 1
815 79 917 111 7-9.
1357 75 1441 119 267

5 197 8 200 >
39 184 41 186 '
84 175 258 222 obsecro
287 182 331 221 et
358 177 563 231 obtestor,
591 177 708 222 vitae
736 193 805 222 me
833 177 963 222 redde
992 177 1162 235 priori!
1404 193 1439 219 95

82 236 161 294 qui
188 237 323 281 semel
349 237 566 294 adspexit,
594 243 810 295 quantum
837 237 1019 282 dimissa
1047 237 1200 294 petitis

82 301 318 353 praestent,
349 303 520 342 mature
547 297 696 342 redeat
722 303 977 355 repetatque
1004 297 1171 341 relicta.

83 355 232 400 metiri
253 371 300 400 se
321 372 536 414 quemque
557 372 636 401 suo
658 357 835 401 modulo
857 372 906 400 ac
928 357 1037 414 pede
1059 372 1209 400 verum
1233 363 1309 400 est.

690 499 824 543 VIII.

82 571 209 615 Celso
239 571 431 629 gaudere
460 577 504 615 et
533 571 640 615 bene
669 587 760 615 rem
791 586 938 628 gerere
968 571 1249 615 Albinovano

82 637 206 675 musa
236 636 392 689 rogata
419 631 550 684 refer,
581 630 735 676 comiti
764 631 1016 688 scribaeque
1046 623 1248 675 Neronis.

82 690 120 735 si
142 696 322 749 quaeret
343 690 452 749 quid
474 707 619 749 agam,
644 690 716 735 dic
739 690 881 735 multa
903 697 947 735 et
967 691 1119 749 pulcra
1143 691 1382 736 minantem

81 750 225 795 vivere
253 767 331 796 nec
357 756 471 796 recte
495 766 572 796 nec
597 751 804 804 suaviter,
833 751 951 795 haud
977 752 1082 809 quia
1109 752 1278 810 grando

81 811 332 855 contuderit
358 811 464 856 vitis
489 811 714 869 oleamque
740 811 1026 855 momorderit
1051 818 1208 864 aestus,

11 873 26 914 1*
81 886 159 915 nec
187 871 295 928 quia
321 871 575 929 longinquis
602 877 851 916 armentum
877 878 1076 929 aegrotet
1103 872 1152 915 in
1180 872 1323 928 agris;

0 937 14 947 “’
78 930 156 975 sed
185 931 292 988 quia
321 937 466 975 mente
493 931 640 975 minus
668 931 842 975 validus
869 947 1002 989 quam
1031 947 1210 989 corpore
1239 938 1332 975 toto

14 1040 16 1043 .
81 990 148 1034 nil
176 990 331 1035 audire
356 990 504 1044 velim,
531 990 598 1035 nil
625 990 802 1044 discere,
831 991 950 1048 quod
976 990 1091 1035 levet
1117 1007 1323 1049 aegrum;

80 1049 193 1094 fidis
226 1049 437 1095 offendar
467 1050 662 1104 medicis,
695 1050 858 1095 irascar
888 1050 1055 1104 amicis,

81 1125 158 1154 cur
180 1125 249 1154 me
270 1110 449 1154 funesto
469 1116 703 1168 properent
723 1126 866 1155 arcere
886 1117 1085 1165 veterno;
1406 1128 1440 1154 10

80 1185 192 1227 quae
222 1185 405 1214 nocuere
430 1185 600 1228 sequar,
629 1170 807 1228 fugiam
834 1186 946 1228 quae
973 1172 1151 1228 profore
1180 1172 1376 1225 creda1n;

3 1240 6 1242 “
81 1229 248 1274 Romae
277 1229 420 1273 Tibur
444 1245 600 1283 amem,
627 1236 831 1274 ventosus
859 1230 1023 1274 Tibure
1049 1231 1252 1275 Romam.

2 1336 4 1340 ,
80 1294 179 1346 post
207 1289 324 1341 haec,
353 1295 404 1333 ut
427 1289 582 1342 valeat,
610 1305 697 1347 quo
724 1296 851 1347 pacto
877 1306 970 1335 rem
996 1297 1121 1348 gerat
1148 1297 1191 1334 et
1218 1307 1275 1343 se,

81 1354 131 1392 ut
163 1349 334 1406 placeat
364 1349 528 1402 iuveni,
559 1356 813 1407 percontare
846 1356 980 1408 utque
1009 1351 1192 1394 cohorti.

79 1408 118 1453 si
146 1409 262 1453 dicet
288 1408 447 1462 ‘recte,'
473 1409 667 1466 primum
693 1410 896 1468 gaudere,
924 1410 1110 1454 subindc
1406 1428 1438 1454 15

79 1474 361 1526 praeceptum
394 1469 604 1516 auriculis
636 1469 715 1514 hoc
747 1470 965 1514 instillare
998 1477 1239 1515 memento:

82 1534 132 1573 ut
162 1534 212 1573 tu
241 1529 482 1582 fortunam,
509 1529 573 1574 sic
601 1545 679 1574 nos
707 1536 763 1583 te,
795 1530 932 1583 Celse,
962 1531 1168 1575 feremus.

675 1674 836 1718 VIIII.

81 1744 340 1802 Septimius,
373 1745 548 1798 Claudi,
578 1745 791 1790 nimirum
819 1746 1043 1805 intellegit
1071 1763 1196 1801 unus,

80 1804 237 1861 quanti
267 1819 337 1848 me
363 1805 527 1859 facias;
562 1821 663 1850 nam
692 1821 791 1850 cum
819 1812 948 1864 rogat
974 1813 1018 1851 et
1044 1823 1168 1864 prece
1196 1809 1329 1865 cogit,

79 1864 247 1908 scilicet
266 1870 316 1908 ut
333 1864 418 1908 tibi
436 1880 480 1909 se
496 1865 676 1910 laudare
694 1872 737 1910 et
754 1866 925 1910 tradere
941 1882 1083 1920 coner,

172 1944 407 1994 φιαᾼἘ
499 1945 681 1994 Θαεφ

172 2016 226 2054 9ss
251 2017 367 2054 semel
393 2029 416 2058 ς
441 2018 612 2063 (fortasse
637 2023 670 2055 et
692 2019 800 2055 schol.
822 2020 897 2055 FV
911 2031 951 2065 p.
971 2022 1056 2063 239,
1075 2022 1154 2065 25),
1187 2020 1299 2057 simul
1323 2023 1372 2070 (r)
1390 2023 1441 2071 Θ

77 2065 252 2110 (Bland.)
285 2076 333 2102 ea:
362 2077 394 2101 v.
414 2067 464 2102 90
602 2066 748 2111 aspexit
772 2067 885 2114 &OED
917 2068 978 2112 (cf.
1001 2071 1041 2112 1,
1061 2071 1120 2111 17,
1140 2070 1183 2112 4,·
1214 2072 1255 2113 1,
1275 2073 1342 2113 18,
1363 2074 1444 2116 76),

78 2111 262 2158 adgnovit
286 2113 414 2149 Keller

172 2159 214 2208 8,
234 2160 258 2196 8
285 2163 442 2206 quaeret
466 2161 582 2209 ΕΘ,
610 2162 760 2206 quaerit
784 2163 900 2202 avg
994 2163 1017 2198 5
1044 2173 1116 2207 que
1140 2164 1189 2210 ᾧ
1206 2165 1273 2212 Θ,
1300 2177 1346 2201 ue
1374 2166 1441 2207 Ες

76 2208 102 2244 S
128 2208 224 2245 dem
248 2211 273 2245 δ
301 2220 415 2254 usque
445 2210 496 2245 ad
525 2212 569 2254 2,
587 2212 630 2254 2,
652 2213 718 2254 19;
754 2212 817 2245 ᾡς
834 2211 979 2257 Fun]
1092 2210 1142 2247 10
1167 2222 1295 2250 arcere
1318 2214 1368 2269 ᾧ
1390 2214 1442 2262 Θ

75 2256 184 2292 schol.
211 2258 249 2301 Γ,
275 2266 413 2302 augere
437 2257 493 2293 vel
517 2257 644 2304 algere
673 2258 737 2301 R',
763 2269 896 2304 urgere
920 2271 948 2294 π
1067 2258 1115 2294 12³.
1143 2260 1185 2296 ob
1211 2261 1274 2297 loc.
1302 2261 1440 2298 Tibure

75 2304 174 2341 Serv.
194 2305 288 2341 Aen.
307 2307 430 2350 4,224
500 2307 679 2342 uentosus
703 2307 752 2353 (D
770 2307 805 2343 R
825 2308 959 2352 Porph.
989 2308 1029 2350 (i.
1050 2307 1157 2344 schol.
1174 2310 1266 2350 ΓΕ)
1295 2310 1408 2355 (Serv.
1414 2315 1441 2355 ),

76 2354 258 2389 uenturus
285 2353 423 2389 Bland.
448 2355 479 2389 Φ
505 2354 658 2400 (Porph.
678 2355 728 2390 ad
753 2366 854 2391 serm.
875 2357 912 2400 2,
933 2358 967 2400 7,
985 2358 1051 2400 28)
