1586 2514
205 89 290 131 316
641 89 705 125 DE
731 89 858 125 ARTE
883 88 1096 126 POE'rIcA.

278 185 358 242 (sic
384 188 518 232 etiam
543 187 715 231 fidibus
740 203 863 231 voces
887 203 1054 232 crevere
1079 187 1257 243 severis)

274 252 316 289 et
347 247 453 290 tulit
478 247 705 304 eloquium
737 247 964 291 insolitum
996 247 1206 291 facundia
1236 263 1437 305 praeceps

276 306 539 363 utiliumque
565 323 700 364 sagax
731 322 875 350 rerum
902 313 948 350 et
978 307 1128 350 divina
1157 307 1302 351 futuri

272 365 494 423 sortilegis
518 382 606 410 non
630 366 870 423 discrepuit
896 366 1110 409 sententia
1137 366 1334 424 Delphis.

204 440 257 466 220
275 425 466 468 carmine
486 425 565 482 qui
588 425 755 482 tragico
777 425 908 469 vilem
929 425 1113 469 certavit
1135 425 1189 469 ob
1212 425 1394 478 hircum,

275 499 381 528 mox
409 485 542 528 etiam
569 485 753 541 agrestis
782 484 962 541 Satyros
989 485 1172 528 nudavit
1196 491 1241 530 et
1266 501 1390 542 asper
1465 537 1469 539 ,

274 543 483 587 incolumi
513 544 728 600 gravitate
756 544 900 588 iocum
930 544 1161 600 temptavit
1191 560 1239 588 eo
1267 545 1383 602 quod

274 603 489 646 illecebris
520 609 613 647 erat
641 610 685 647 et
715 609 841 660 grata
873 603 1065 646 novitate
1095 604 1328 648 morandus

272 668 488 718 spectator
517 663 782 719 functusque
809 662 941 706 sacris
969 668 1014 706 et
1043 669 1170 719 potus
1199 670 1243 707 et
1271 663 1407 707 exlex.

203 737 255 763 225
274 737 423 764 verum
452 722 517 766 ita
547 722 715 774 risores,
747 722 812 765 ita
842 722 1145 766 commendare·
1169 723 1330 767 dicacis

274 781 498 824 conveniet
528 781 723 837 Satyros,
754 781 819 824 ita
848 786 1011 824 vertere
1041 782 1160 831 seria,
1181 782 1299 834 ludo,

274 855 340 892 ne,
370 840 633 897 quicumque
661 840 777 891 deus,
809 840 1070 897 quicumque
1099 841 1378 885 adhibebitur
1407 841 1540 892 heros,

274 899 411 955 regali
438 905 690 967 conspectus
715 899 763 942 in
790 914 895 942 auro
921 915 1059 956 nuper
1085 899 1128 943 et
1153 906 1282 952 ostro,

275 958 435 1015 migret
464 959 513 1002 in
542 959 742 1002 obscuras
773 958 930 1001 humili
961 974 1154 1003 sermone
1185 960 1382 1003 tabernas

203 1033 256 1059 230
274 1023 364 1068 aut,
395 1017 499 1061 dum
530 1018 642 1061 vitat
672 1018 865 1069 humum,
897 1013 1043 1061 nubis
1055 1025 1098 1061 ct
1126 1019 1275 1063 inania
1305 1023 1460 1074 captet.

274 1077 461 1120 effutire
490 1077 595 1120 levis
624 1077 808 1133 indigna
838 1077 1063 1144 tragoedia
1092 1094 1249 1129 versus,

277 1141 324 1178 ut
350 1136 477 1179 festis
505 1142 704 1179 matrona
731 1137 893 1179 moveri
922 1137 1038 1180 iussa
1065 1137 1230 1188 diebus,

274 1195 475 1238 intererit
501 1196 672 1251 Satyris
698 1195 878 1252 paulum
906 1196 1161 1252 pudibunda
1189 1195 1410 1253 protervis.

274 1269 360 1298 non
383 1270 463 1311 ego
486 1255 690 1298 inornata
713 1260 757 1297 et
780 1254 1053 1298 dominantia
1076 1256 1253 1299 nomina
1274 1255 1414 1298 solum

203 1329 255 1355 235
274 1313 501 1381 verbaque,
528 1314 720 1365 Pisones,
748 1313 1006 1369 Satyrorum
1030 1315 1215 1371 scriptor
1237 1313 1392 1358 amabo

274 1388 350 1416 nec
379 1373 442 1416 sic
474 1373 616 1416 enitar
649 1373 815 1429 tragico
846 1373 1034 1417 differre
1065 1374 1212 1426 colori,

275 1437 324 1474 ut
355 1432 470 1475 nihil
500 1432 688 1484 intersit,
725 1432 923 1475 Davosne
955 1433 1159 1489 loquatur
1190 1439 1233 1476 et
1264 1431 1405 1476 audax

275 1491 474 1547 Pythias,
503 1497 705 1534 emuncto
731 1491 898 1534 lucrata
928 1492 1104 1536 Simone
1133 1492 1358 1542 talentum,

273 1566 330 1595 an
359 1556 501 1594 custos
531 1550 809 1606 famulusque
840 1550 910 1594 dei
943 1551 1116 1596 Silenus
1144 1550 1325 1596 alumni.

204 1625 258 1652 240
285 1625 343 1653 ex
371 1618 477 1653 noto
507 1609 668 1653 fictum
699 1625 871 1653 carmen
899 1626 1066 1667 sequar,
1099 1617 1148 1654 ut
1177 1610 1262 1654 sibi
1291 1609 1435 1666 quivis

271 1674 416 1726 speret
441 1669 572 1720 idem,
601 1669 727 1712 sudet
754 1669 942 1712 multum
971 1671 1219 1726 frustraque
1245 1668 1411 1712 laboret

292 1773 552 1820 &amm
646 1772 827 1820 (ῷειεφ

295 1867 371 1903 216
394 1869 627 1913 parenthesin
645 1868 809 1903 indicavi
877 1867 954 1904 219
978 1870 1057 1905 sine
1075 1870 1150 1905 ullo
1168 1869 1329 1904 lemmate
1349 1867 1462 1903 Vatic.
1475 1870 1548 1904 268

201 1914 405 1951 220-224
419 1917 609 1960 spectator
628 1916 670 1951 ob
689 1927 762 1951 rem
782 1916 954 1952 attulerat
972 1917 1004 1952 is
1022 1928 1067 1953 ex
1078 1927 1147 1962 quo
1159 1916 1359 1951 hauserunt
1374 1914 1545 1952 Victorin.

199 1975 350 2010 yramm.
378 1964 435 1999 VI
449 1966 517 2007 32,
537 1966 559 1999 5
589 1967 622 1999 et
646 1963 813 1999 Diomed.
837 1975 986 2009 gramm.
1013 1965 1042 2000 I
1053 1966 1142 2006 491,
1161 1966 1186 1999 8
1217 1965 1339 2006 (corru
1381 1963 1396 1997 i
1426 1963 1545 2007 codd.)

201 2011 278 2047 220
291 2031 337 2038 --
351 2010 508 2046 nudavit
533 2011 574 2046 ob
599 2022 674 2047 rem
692 2010 858 2046 Diomed.
877 2023 1027 2057 qramm.
1046 2012 1073 2046 Ι
1088 2012 1170 2054 487,
1189 2012 1237 2045 17
1309 2009 1331 2045 2
1359 2009 1386 2045 0
1409 2011 1453 2046 ob
1473 2021 1546 2046 rem

202 2059 296 2095 Serv.
312 2059 388 2094 buc.
405 2061 439 2101 3,
451 2061 501 2094 20
521 2058 628 2102 (Isid.
643 2059 732 2104 oriy.
747 2060 783 2101 8,
799 2060 832 2101 7,
846 2061 884 2102 5)
958 2058 1031 2094 221
1058 2057 1215 2093 nudavit
1231 2056 1341 2104 φῶ
1356 2057 1462 2094 schol.
1480 2057 1552 2092 PV

201 2107 430 2150 (Victoria),
454 2105 610 2141 nouauit
636 2105 818 2145 (Diomed.
838 2105 908 2150 bis)
958 2105 1033 2141 222
1059 2105 1180 2140 iocum
1204 2104 1313 2158 (DQD
1332 2105 1544 2149 (Victorin)

198 2154 304 2190 schol.
319 2154 400 2196 FV,
420 2152 542 2187 locum
555 2153 643 2188 ΒΚ
645 2151 723 2187 Ιὸπ
736 2152 936 2197 (Diomed.)
995 2152 1070 2188 223
1090 2151 1289 2187 Inlecebris
1301 2152 1350 2199 Θ
1362 2152 1544 2196 (Diomed-

208 2202 398 2245 Victoria.)
423 2201 624 2241 scholJV,
642 2198 843 2235 Incelebris
861 2199 912 2247 Θ
977 2197 1053 2235 224
1078 2198 1183 2235 exlex
1205 2200 1276 2246 frq.
1290 2199 1381 2236 Bob.
1437 2210 1544 2235 amm.

207 2249 284 2285 VI]
302 2250 384 2291 542,
396 2250 446 2283 25
520 2246 596 2282 226
620 2246 676 2282 ita
696 2248 840 2282 uertere
859 2247 954 2294 aQD‚
982 2247 1149 2283 auertere
1167 2211 1292 2283 BOK
1359 2245 1383 2282 2
1411 2247 1435 2282 0
1455 2246 1542 2281 dum

199 2295 334 2343 GK&
361 2295 466 2331 schol.
494 2297 535 2336 Γ,
567 2306 655 2329 num
688 2294 764 2329 Bo
904 2294 979 2329 285
1010 2293 1157 2339 pisones
1187 2294 1236 2340 (D
1254 2294 1307 2337 R,
1345 2293 1485 2339 pisonis
1513 2295 1544 2328 Φ

200 2342 274 2379 237
302 2345 341 2378 et
366 2342 487 2378 audax
512 2342 637 2378 BOK
659 2342 814 2385 Elam,
840 2352 887 2376 an
913 2342 1037 2377 audax
1062 2341 1171 2377 ‹2124›
