1586 2514
542 102 690 139 CARM.
716 101 785 137 1111
805 105 860 137 13.
882 106 937 138 14.
1330 99 1415 142 135

270 203 385 248 felix
417 209 517 260 post
548 202 758 246 Cinaram
790 207 979 258 notaque
1012 206 1055 244 et
1087 199 1252 243 artium

271 269 500 320 gratarum
527 262 700 306 facies?
738 261 812 305 sed
842 260 1030 304 Cinarae
1059 259 1201 302 brevis

325 337 461 366 annos
485 323 583 366 fata
607 321 835 372 dederunt,

376 387 601 426 servatura
620 381 700 424 diu
722 395 872 437 parem

272 465 459 509 cornicis
482 464 652 509 vetulae
679 462 950 519 temporibus
977 462 1139 518 Lycen,
1378 476 1418 503 25

272 530 448 581 possent
471 530 523 568 ut
546 524 723 568 iuvenes
747 523 884 566 visere
910 521 1073 565 fervidi

327 584 468 628 multo
492 598 580 627 non
602 583 697 626 sine
722 582 815 625 risu

381 643 597 700 dilapsam
623 642 672 685 in
697 642 861 685 cineres
888 642 1044 685 facem.

651 833 822 876 XIIII.

276 919 399 974 Quae
422 933 524 962 cura
548 923 724 975 patrum
745 932 911 974 quaeve
935 916 1182 972 Quiritium

275 978 418 1035 plenis
449 977 661 1021 honorum
693 976 949 1020 muneribus
980 981 1091 1026 tuas,

329 1038 547 1095 Auguste,
575 1037 762 1080 virtutes
790 1036 840 1080 in
867 1050 1017 1079 aevom

382 1112 459 1154 per
480 1096 634 1140 titulos
656 1110 952 1152 memoresque
974 1095 1113 1138 fastos

276 1186 483 1232 aeternet,
509 1195 547 1232 o,
574 1195 661 1236 qua
684 1179 751 1222 sol
776 1178 1034 1222 habitabilis
1403 1193 1422 1219 ⁶

276 1240 486 1283 inlustrat
512 1254 624 1291 oras,
657 1238 848 1282 maxime
879 1237 1145 1294 principum,

329 1315 459 1356 quem
487 1298 598 1356 legis
626 1303 826 1355 expertes
856 1297 1043 1341 Latinae

385 1358 605 1402 Vindelici
633 1358 826 1401 didicere
855 1372 994 1414 nuper

277 1442 388 1499 quid
418 1442 566 1485 Marte
595 1456 752 1498 posses.
795 1440 938 1483 milite
970 1455 1072 1483 nam
1103 1445 1180 1483 tuo

281 1501 453 1546 Drusus
476 1499 725 1553 Genaunos,
751 1500 1026 1557 inplacidum
1051 1515 1202 1557 genus,
1392 1514 1426 1541 10

337 1561 618 1618 Breunosque
641 1559 800 1604 velocis
825 1565 868 1604 et
892 1559 1004 1604 arcis

388 1620 583 1678 Alpibus
612 1620 827 1678 inpositas
859 1618 1097 1663 tremendis

281 1704 442 1748 deiecit
462 1719 559 1748 acer
581 1703 680 1761 plus
702 1703 794 1747 vice
817 1702 1034 1760 simplici;

282 1764 422 1808 maior
451 1764 677 1808 Neronum
706 1778 806 1806 mox
835 1778 966 1820 grave
995 1763 1211 1819 proelium

336 1824 542 1867 conmisit
568 1823 859 1879 immanisque
889 1823 1051 1865 Raetos
1393 1838 1427 1864 ιε

388 1883 597 1939 auspiciis
626 1883 798 1940 pepulit
829 1881 1042 1933 secundis,

162 1965 232 2013 ωε
247 1965 339 2001 ΑΒ
435 1963 617 2011 Θαῑφ

165 2036 216 2073 26
241 2036 400 2072 Possent
416 2035 465 2083 (D
482 2035 544 2083 Θ,
570 2034 719 2071 Possint
738 2035 869 2071 ΒΗΓ
941 2033 992 2071 28
1013 2033 1207 2079 Dilapsam
1230 2035 1261 2069 Φ
1281 2035 1430 2080 ΡοτΡΙι.,

70 2085 276 2180 Donata}
318 2084 422 2166 ιειξε
445 2131 495 2178 Q)
570 2158 579 2173 ,
604 2129 722 2166 fastos
748 2131 797 2165 δλ
822 2131 868 2174 cf.
890 2130 940 2165 ad
966 2132 999 2173 3,
1021 2132 1079 2174 17,
1099 2132 1122 2164 4
1220 2128 1244 2164 5
1271 2129 1428 2176 [CDzA]

71 2180 251 2216 Aetemet
279 2179 329 2226 Θ
351 2178 403 2226 Θ
434 2180 536 2224 Porp
562 2205 588 2221 .‚
626 2178 788 2214 Aeterne
819 2180 857 2213 et
891 2179 922 2212 Φ
1061 2176 1117 2213 sol
1147 2177 1214 2225 Θ,
1252 2176 1316 2212 lux
1347 2177 1430 2213 Au

71 2227 96 2264 8
122 2227 288 2264 didicere
311 2226 378 2275 Θ,
411 2226 585 2262 dedicere
611 2226 694 2262 Au
808 2224 858 2261 14
886 2226 1002 2262 Prisc.
1030 2228 1089 2269 18,
1107 2227 1181 2261 205
1211 2236 1248 2270 p.
1276 2227 1362 2269 307,
1380 2227 1428 2261 21

70 2275 250 2312 Horatius
270 2274 406 2310 ‘maior
424 2274 629 2310 Neronum'
652 2273 749 2309 dixit
773 2273 813 2309 in
832 2273 900 2308 1111
919 2272 1143 2308 carminum:
1172 2272 1326 2308 ‘deiecit
1345 2283 1431 2308 acer

71 2323 158 2370 plus
192 2323 273 2360 viee
307 2321 473 2368 simplici
506 2322 626 2358 maior
660 2321 864 2357 Neronum'
903 2321 1204 2357 subaudiendum
1239 2320 1339 2356 enim
1374 2321 1432 2355 est

74 2371 245 2408 ‘aetaten
289 2382 382 2417 quae
406 2371 576 2407 doct-rina
601 2371 842 2417 impugnatum
869 2369 1033 2405 Gramm.
1053 2370 1171 2415 suppl.
1189 2380 1226 2414 p.
1249 2370 1366 2413 172,1
