1586 2514
179 103 263 146 106
663 101 808 137 GARM.
833 101 886 137 ΙΙΙ
904 105 959 137 24.
981 106 1036 138 25.
1055 156 1057 158 ι

283 200 445 244 summi
473 201 699 244 materiem
725 201 844 252 mali,

178 275 215 302 50
341 260 582 311 mittamus,
609 259 817 303 scelerum
841 259 879 303 si
906 259 1011 302 bene
1037 259 1242 315 paenitet.

286 319 501 362 eradenda
526 318 747 375 cupidinis

339 378 462 434 pravi
487 383 590 421 sunt
614 377 826 421 elementa
850 382 894 420 et
918 383 1087 420 tenerae
1113 377 1245 420 nimis

294 466 458 504 mentes
487 460 781 517 asperioribus

338 519 596 563 formandae
625 519 799 562 studiis.
850 519 987 562 nescit
1017 533 1126 574 equo
1159 517 1279 561 rudis

179 594 217 621 5⁶
289 578 462 622 haerere
487 579 700 635 ingenuos
726 593 834 634 puer

341 637 576 694 venarique
608 637 749 688 timet,
782 636 929 680 ludere
961 637 1141 687 doctior,

286 736 363 765 seu
385 720 552 765 Graeco
573 720 723 764 iubeas
745 720 892 764 trocho

340 795 416 824 seu
445 780 573 823 malis
601 780 738 823 vetita
767 779 939 836 legibus
967 780 1074 830 alea,

288 855 387 883 cum
411 839 587 896 periura
609 839 748 896 patris
772 839 888 882 fides

180 915 218 941 co
343 904 583 942 consortem
613 899 778 942 socium
809 898 941 941 fallat
970 904 1012 940 et
1044 897 1234 953 hospites

289 980 561 1037 indignoque
584 980 813 1037 pecuniam

344 1040 492 1083 heredi
522 1045 734 1096 properet.
781 1038 948 1082 scilicet
975 1037 1183 1094 inprobae

293 1104 489 1142 crescunt
513 1098 709 1149 divitiae,
737 1104 883 1141 tamen

345 1162 492 1201 curtae
519 1157 663 1200 nescio
688 1156 796 1212 quid
824 1171 991 1212 semper
1018 1155 1139 1199 abest
1165 1155 1240 1198 rei.

784 1331 934 1374 XXV.

238 1409 338 1466 Quo
367 1425 449 1462 me,
483 1409 662 1461 Bacche,
696 1409 814 1465 rapis
845 1409 912 1452 tui

295 1469 509 1526 plenum?
540 1483 650 1526 quae
673 1483 849 1511 nemora
871 1473 948 1511 aut
970 1482 1077 1524 quos
1099 1482 1205 1524 agor
1227 1467 1274 1510 in
1296 1481 1458 1524 specus,

241 1527 365 1572 velox
390 1534 533 1571 mente
556 1528 700 1571 nova?
740 1527 900 1584 quibus

295 1587 435 1631 antris
458 1587 626 1644 egregii
651 1585 847 1630 Caesaris
870 1585 1026 1629 audiar

213 1686 232 1714 ο
250 1675 475 1715 aeternum
503 1669 719 1713 meditans
746 1669 874 1712 decus

294 1730 434 1774 stelh’s
458 1730 645 1773 inserere
669 1735 713 1772 et
737 1728 916 1772 consilio
944 1728 1096 1771 Ioms?

242 1789 386 1833 dicam
413 1789 599 1845 insigne,
629 1803 785 1839 recens,
815 1787 954 1830 adhuc

298 1847 516 1891 indictum
545 1862 617 1890 ore
645 1847 744 1889 alio.
793 1861 879 1889 non
907 1861 1026 1889 secus
1054 1845 1103 1889 in
1129 1844 1247 1901 iugis

281 1939 458 1987 &:AE
550 1938 732 1986 69:34>

282 2016 333 2052 54
366 2016 590 2052 Firmandae
616 2017 768 2061 Bentley
912 2015 963 2050 60
994 2014 1160 2060 hospites
1183 2015 1232 2061 Q)
1248 2014 1316 2061 Θ,
1353 2012 1538 2059 hospitem

189 2066 285 2100 Fan.
310 2076 354 2100 ex
379 2065 455 2100 Por
480 2065 513 2099 h.

284 2111 350 2156 25,
371 2113 391 2146 1
420 2076 502 2158 [ὧι
518 2110 672 2157 ΑΒΕ]
771 2110 808 2145 1.
835 2109 859 2145 2
884 2110 928 2145 ob
952 2109 1015 2144 hic
1033 2119 1164 2155 specus
1183 2108 1292 2152 affert
1307 2108 1425 2143 Prisc.
1445 2110 1478 2150 6,
1493 2110 1539 2142 75

186 2171 223 2205 p.
242 2162 328 2202 259,
341 2162 408 2202 20,
440 2169 537 2203 quae
564 2179 607 2184 —
634 2168 765 2203 specus
796 2158 839 2193 ob
870 2157 965 2193 idem
995 2157 1140 2193 verbwm
1164 2155 1262 2192 Serv.
1287 2156 1379 2191 Aen.
1407 2157 1541 2198 7,568,.

189 2209 273 2243 item
299 2217 391 2250 quos
418 2227 463 2232 —
490 2216 622 2251 specus
650 2205 794 2242 C'ledon.
819 2215 969 2251 yramm.
998 2204 1106 2247 V40,
1117 2205 1168 2239 25
1265 2201 1285 2237 1
1312 2201 1415 2247 rapis
1431 2200 1542 2249 ᾧῷ)

191 2255 355 2297 (metrici,
381 2254 527 2298 Prisc),
552 2253 671 2288 trahis
698 2252 895 2296 (Παιονίη.
920 2262 1071 2297 qramm.
1099 2251 1159 2286 VI
1178 2252 1261 2292 177,
1276 2252 1315 2295 3)
1418 2247 1442 2284 2
1474 2249 1540 2284 aut

188 2302 237 2348 G)
254 2301 305 2348 (τῇ
323 2301 497 2345 (Bland.)
519 2301 663 2345 (Serv.),
683 2301 721 2335 et
741 2299 778 2336 R
797 2300 932 2343 (Prisc.
960 2299 1134 2335 Victorin.
1152 2308 1302 2344 yramm.
1332 2297 1390 2332 VI
1403 2298 1487 2339 175,
1501 2298 1539 2340 4)

190 2349 216 2383 6
242 2348 396 2384 consilio
415 2349 463 2395 (D
488 2348 674 2392 (Bland.),
700 2346 858 2383 concilio
876 2346 927 2393 {D
