1586 2514
189 100 271 143 132
700 101 842 138 omn.
867 86 1009 137 111111‘.

397 204 550 242 cuncta
569 199 753 243 festinat
772 214 939 250 manus,
961 199 1042 242 huc
1062 204 1106 242 et
1124 198 1228 242 illuc

186 271 220 298 10
399 257 612 301 cursitant
633 258 796 302 mixtae
819 258 964 314 pueris
986 257 1170 314 puellae,

395 316 620 360 sordidum
653 316 862 361 flammae
894 316 1118 373 trepidant
1150 322 1340 360 rotantes

450 375 608 418 vertice
635 376 822 419 fumum.

399 475 448 511 ut
475 474 621 514 tamen
648 469 779 522 noris,
808 470 968 526 quibus
996 469 1216 513 advoceris

398 527 598 584 gaudiis:
634 528 740 572 Idus
768 529 850 572 tibi
880 535 981 572 sunt
1008 528 1213 585 agendae,

187 602 221 629 15
398 586 477 643 qui
500 587 591 631 dies
615 603 804 632 mensem
827 588 1006 631 Veneris
1031 586 1222 631 marinae

453 645 593 689 findit
621 647 838 703 Aprilem,

401 740 495 783 iure
516 741 739 785 sollemnis
763 741 872 784 mihi
898 741 1171 797 sanctiorque

400 814 534 855 paene
556 800 693 843 natali
717 800 906 856 proprio,
931 800 1046 856 quod
1071 815 1122 842 ex
1146 799 1224 842 hac

401 858 495 901 luce
520 858 749 902 Maecenas
777 874 896 901 meus
920 858 1165 901 adfluentis

187 932 223 960 20
456 916 629 961 ordinat
649 933 795 961 annos.

405 1011 656 1066 Telephum,
684 1027 812 1068 quem
841 1018 889 1054 tu
917 1012 1042 1067 petis,
1073 1011 1296 1066 occupavit

403 1085 490 1113 non
515 1076 614 1113 tuae
638 1071 770 1113 sortis
797 1071 993 1113 iuvenem
1022 1070 1167 1126 puella

403 1128 522 1171 dives
549 1135 592 1172 et
620 1129 779 1173 lasciva
808 1135 1008 1184 tenetque
1037 1135 1163 1184 grata

456 1188 657 1244 compede
685 1188 894 1231 vinctum.

190 1298 225 1325 25
405 1287 536 1325 terret
553 1282 776 1326 ambustus
795 1281 1021 1325 Phaethon
1038 1297 1188 1325 avaras

402 1355 498 1396 spes
525 1347 568 1384 et
592 1342 840 1397 exemplum
868 1356 997 1397 grave
1027 1340 1202 1396 praebet
1229 1340 1316 1383 ales

406 1399 597 1456 Pegasus
626 1406 843 1443 terrenum
873 1400 1063 1455 equitem
1093 1405 1296 1455 gravatus

461 1458 852 1515 Bellerophontem,

404 1568 571 1608 semper
592 1559 641 1596 ut
661 1559 703 1596 te
723 1553 859 1609 digna
879 1568 1055 1608 sequare
1076 1558 1118 1595 et
1140 1552 1253 1594 ultra

194 1627 230 1656 ao
407 1627 538 1667 quam
563 1612 664 1654 licet
687 1627 858 1668 sperare
883 1612 1007 1654 nefas
1032 1611 1226 1667 putando

407 1670 622 1726 disparem
646 1670 768 1713 vites.
804 1685 883 1725 age
907 1670 1009 1720 iam,
1037 1685 1227 1712 meorum

461 1729 571 1771 finis
601 1745 810 1778 amorum,

413 1821 519 1876 (non
547 1823 664 1865 enim
695 1822 871 1878 posthac
901 1822 988 1864 alia
1019 1821 1164 1864 calebo

407 1881 596 1935 femina)
623 1881 820 1929 ‚condisce
850 1880 1012 1932 modos,
1041 1880 1225 1924 amanda

198 1957 232 1984 ³5
409 1954 509 1983 voce
529 1955 635 1995 quos
658 1940 835 1982 reddas:
866 1940 1117 1982 minuentur
1138 1945 1255 1982 atrae

463 1999 651 2041 carmine
671 2014 810 2042 curae.

293 2091 467 2138 (9:11ss
561 2090 740 2137 Θαῖφ

296 2172 342 2209 ll
370 2172 455 2220 [Θε
473 2171 529 2218 Φ]
609 2171 659 2207 24
686 2172 829 2208 medon.
854 2182 1004 2218 yramm.
1027 2171 1059 2204 V
1076 2174 1134 2215 42,
1152 2174 1200 2207 24
1226 2170 1441 2217 compedem
1467 2170 1541 2205 ain-

252 2220 342 2256 latis
367 2218 511 2255 numeri
536 2218 631 2253 dixit
656 2230 740 2253 cum
765 2219 815 2253 sit
839 2217 1011 2263 pluralis;
1038 2221 1082 2262 cf.
1103 2219 1202 2264 epod.
1223 2222 1257 2263 4,
1276 2221 1299 2253 4
1373 2217 1541 2252 uinctum

199 2267 266 2316 Θ,
290 2267 430 2302 uictum
455 2267 503 2312 Q>
