1586 2514
157 73 214 115 22
694 75 840 113 GARM.
866 77 882 112 I
909 80 963 112 12.

772 175 887 216 XII.

373 243 512 299 Quem
535 245 679 288 virum
704 252 781 288 aut
805 246 934 288 heroa
958 246 1053 302 lyra
1077 247 1143 290 vel
1166 249 1253 290 aeri

372 304 483 347 tibia
506 304 642 347 sumis
667 304 892 356 celebrare,
919 304 1052 348 Clio?

372 378 500 419 quem
529 363 694 406 deum?
732 363 853 406 cuius
882 364 1043 408 recinet
1072 365 1212 409 iocosa

426 438 582 465 nomen
604 422 751 478 imago

179 533 195 558 5
375 523 452 560 aut
479 518 528 560 in
556 517 770 561 umbrosis
798 518 1022 563 Heliconis
1051 521 1137 564 oris

374 582 450 620 aut
474 592 604 633 super
630 577 774 620 Pindo
799 578 995 634 gelidove
1022 580 1070 623 in
1097 580 1300 624 Haemo?

376 636 489 679 unde
513 636 703 679 vocalem
728 642 885 680 temere
910 638 1125 683 insecutae

430 694 603 751 Orphea
627 696 774 748 silvae,

376 797 468 833 arte
494 797 689 834 materna
714 792 887 847 rapidos
912 800 1150 837 morantem

165 864 199 890 10
378 849 621 894 fluminum
652 850 798 906 lapsus
829 851 1065 909 celeresque
1096 859 1257 905 ventos,

378 908 587 952 blandum
616 915 658 952 et
686 910 850 953 auritas
878 911 1048 955 fidibus
1077 913 1244 956 canoris

432 968 584 1011 ducere
615 984 807 1024 quercus.

378 1063 486 1119 quid
510 1063 631 1119 prius
656 1063 799 1108 dicam
822 1065 963 1109 solitis
988 1067 1180 1123 parentis

379 1122 596 1174 laudibus,
621 1124 699 1179 qui
725 1138 790 1167 res
815 1124 1040 1168 hominum
1064 1141 1112 1168 ac
1137 1126 1328 1178 deorum,

168 1197 199 1223 15
378 1182 456 1238 qui
481 1198 598 1226 mare
623 1198 670 1225 ac
696 1189 830 1226 terras
855 1184 1072 1241 variisque
1096 1185 1307 1229 mundum

433 1247 646 1298 temperat
671 1242 788 1285 horis
805 1243 823 1283 Ρ

382 1336 495 1379 unde
521 1337 586 1380 nil
612 1338 752 1380 maius
776 1344 1009 1394 generatur
1035 1339 1130 1395 ipso

381 1411 457 1438 nec
482 1396 602 1452 viget
626 1397 867 1453 quidquam
891 1397 1035 1441 simile
1063 1405 1138 1441 aut
1164 1398 1410 1442 seeundum.

381 1454 602 1511 proximos
626 1456 695 1498 illi
721 1462 866 1499 tamen
890 1457 1115 1514 occupavit

169 1529 204 1556 20
437 1515 583 1558 Pallas
611 1515 790 1559 honores

383 1610 561 1665 proeliis
591 1611 747 1654 audax.
797 1626 935 1667 neque
965 1622 1007 1655 te
1038 1611 1186 1655 silebo.

384 1668 517 1711 Liber
543 1674 588 1712 et
610 1670 747 1713 saevis
772 1670 952 1713 inimica
979 1671 1103 1727 virgo

384 1727 536 1779 beluis,
566 1743 642 1771 nec
670 1734 724 1780 te,
754 1730 981 1772 metuende
1009 1736 1122 1773 certa

441 1787 614 1830 Phoebe
645 1788 821 1844 sagitta.

266 1880 544 1928 &zABDE
635 1879 816 1927 ΘεΒΦ

269 1951 333 1998 12,
348 1951 368 1986 1
392 1950 455 1999 [OE
470 1964 477 1985 ι
492 1950 696 1996 ΑΒΒΕ]
748 1950 767 1985 1
786 1951 909 1997 Quint.
924 1952 1007 1987 inst.
1020 1954 1056 1995 3,
1068 1954 1105 1994 2,
1118 1953 1142 1987 9
1161 1950 1257 1987 dixit
1269 1976 1278 1984 .
1293 1978 1301 1986 .
1316 1979 1324 1986 .
1339 1950 1517 1986 Horatius

173 2009 296 2035 acrem
320 1998 454 2035 tibiam
558 1997 581 2032 2
609 1999 722 2034 sumis
746 1998 794 2044 (D
819 1999 889 2034 Rn
915 1999 1036 2043 (schol.
1063 2001 1123 2044 Γ),
1155 2009 1276 2034 sumes
1301 1997 1460 2034 Bland.¹
1487 1999 1518 2033 Φ

173 2045 246 2082 clio
270 2047 319 2094 ᾧ
342 2048 372 2090 Ζ,
404 2045 535 2092 c(a)elo
568 2045 714 2091 11²(R152)
833 2045 858 2080 3
888 2046 1031 2081 recinet
1060 2047 1148 2092 (ret-
1172 2046 1374 2091 DEsz)
1397 2045 1447 2092 Θ
1467 2045 1519 2092 Θ

174 2094 313 2131 Βῑωηά.
339 2094 460 2138 (schol.
484 2096 542 2138 Γ),
567 2094 701 2129 recinit
725 2094 791 2129 Fa
890 2092 953 2129 11.
980 2093 1028 2128 12
1054 2093 1096 2128 ob
1122 2093 1264 2128 auritas
1285 2093 1381 2129 Serv.
1425 2103 1516 2146 eorq.

175 2145 209 2185 1,
222 2144 296 2179 308
347 2141 393 2178 11
416 2141 601 2176 Blandum
618 2141 666 2188 (D
744 2141 890 2186 Por-ph„
909 2140 1069 2175 Doctum
1089 2140 1216 2185 (Serv.)
1267 2139 1317 2175 18
1337 2160 1381 2167 -
1435 2138 1518 2175 udi-

174 2188 244 2224 bun
275 2191 318 2227 ob
349 2188 440 2235 quid
470 2189 573 2235 prius
608 2190 714 2225 scho.
743 2189 831 2224 Stat.
862 2188 972 2224 Theb.
994 2192 1026 2231 1,
1045 2191 1090 2224 41
1209 2187 1374 2234 parentis
1397 2187 1447 2234 ᾇ)
1469 2187 1519 2235 Θ

175 2237 315 2274 Bland.
341 2238 474 2283 Porph.
504 2236 592 2280 (‘ad
617 2237 768 2280 Iovem’)
796 2236 916 2278 (schol.
943 2236 1064 2279 Stat),
1095 2237 1293 2280 parentum
1316 2235 1375 2278 D,
1399 2235 1518 2270 Blan-

175 2284 275 2321 dinis·
291 2297 429 2331 mar-90,
451 2288 481 2321 Φ
556 2284 604 2319 15
630 2294 674 2319 ac
694 2284 831 2325 ΑΒΗ,
854 2285 892 2318 ot
911 2283 1051 2326 DER,
1077 2283 1144 2318 aut
1164 2284 1195 2318 Φ
1214 2283 1296 2327 (qui
1312 2286 1345 2318 et
1363 2284 1517 2326 terram)

177 2330 226 2368 19
252 2333 452 2378 occupauit
475 2332 524 2378 (D
540 2331 601 2378 Θ,
627 2330 826 2376 occupabit
852 2330 1055 2373 Stephanus
