1586 2514
558 68 705 107 CARM.
731 69 749 106 I
773 73 830 107 31.
852 73 908 106 32.
1353 70 1412 114 41

317 167 415 212 frui
434 168 602 226 paratis
622 174 667 213 et
685 168 834 213 valido
855 169 982 222 mihi,

317 226 470 281 Latoe,
500 228 633 277 dones
661 243 711 273 ac
738 244 890 286 precor
918 229 1094 287 integra

370 302 472 332 cum
499 294 644 332 mente
672 303 750 333 nec
778 294 953 347 turpem
981 294 1198 333 senectam

425 347 583 405 degere
610 363 687 392 nec
714 347 885 393 cithara
909 354 1142 393 carentem.
1376 364 1414 393 2⁰

622 526 842 571 XXXII.

265 608 509 654 Poscimur.
555 609 594 654 si
620 610 730 668 quid
755 611 883 655 vacui
912 611 992 656 sub
1020 610 1176 656 umbra

272 668 460 714 lusimus
482 675 641 723 tecum,
666 670 784 728 quod
808 677 852 715 et
878 671 992 716 hunc
1015 671 1065 716 in
1085 686 1251 716 annum

271 729 394 774 vivat
420 735 465 774 et
490 729 651 787 plures,
680 746 762 788 age
791 731 863 775 dic
891 731 1118 785 Latinum,

319 788 505 842 barbite,
533 805 721 843 carmen,

264 907 426 953 Lesbio
450 909 647 967 primum
674 910 898 955 modulate
923 910 1023 963 civi,
1396 928 1415 955 ο

262 967 343 1026 qui
368 969 498 1013 ferox
524 968 640 1013 bello
666 975 828 1023 tamen,
858 970 975 1015 inter
1001 986 1123 1015 arma

262 1027 355 1073 aive
384 1028 596 1073 iactatam
625 1029 838 1087 religarat
867 1030 954 1074 udo

318 1087 450 1132 litore
477 1088 641 1142 navim,
967 1115 972 1121 ·

263 1206 479 1252 Liberum
506 1214 551 1252 et
577 1208 732 1253 Musas
758 1209 1057 1267 Veneremque
1085 1215 1130 1254 et
1156 1209 1228 1254 illi

263 1282 434 1325 semper
457 1267 708 1313 haerentem
730 1285 917 1327 puerum
940 1269 1123 1314 canebat
1380 1286 1415 1314 ιο

264 1332 310 1372 et
337 1326 510 1385 Lycum
539 1328 682 1387 nigris
710 1329 849 1374 oculis
878 1330 1093 1389 nigroque

372 1387 493 1432 crine
515 1388 733 1434 decorum.

266 1522 292 1551 ο
312 1506 442 1552 decus
464 1507 634 1553 Phoebi
656 1514 701 1553 et
722 1509 912 1567 dapibus
933 1510 1127 1568 supremi

265 1572 395 1626 grata
421 1568 596 1613 testudo
625 1569 757 1622 Iovis,
787 1585 812 1614 o
841 1570 1042 1615 laborum

265 1627 392 1672 dulce
417 1627 611 1673 lenimen
636 1628 978 1688 †mihicumque
1002 1630 1120 1676 salve
1381 1648 1416 1676 ιο

320 1687 406 1733 rite
431 1689 621 1733 vocanti.

145 1863 430 1912 (9:ABDE
522 1865 706 1915 &9:34⁵

147 1958 199 1997 18
224 1970 270 1997 ac
295 1972 330 2005 ς,
355 1962 398 1997 at
421 1961 471 2009 ῤ)
487 1961 540 2010 ᾧ)

146 2006 214 2056 82,
234 2007 257 2045 1
289 2007 487 2046 Poecimm·
512 2030 557 2037 —
582 2010 708 2046 tecum
735 2012 779 2048 ob
802 2011 934 2048 ludere
966 2013 1075 2057 affert
1099 2011 1197 2049 Serv.
1224 2013 1301 2049 buc.
1324 2016 1357 2057 1,
1371 2016 1420 2049 10

54 2054 246 2093 Poscimm·
279 2055 333 2106 Θ
370 2058 546 2103 (Blwnd.)
583 2059 722 2105 Porph.
758 2059 872 2105 (Serv.
905 2061 956 2096 ad
992 2061 1107 2106 buc),
1144 2059 1337 2097 Poscimns
1370 2061 1420 2108 (D

52 2104 238 2149 (Diomed-
263 2116 418 2153 mamm.
437 2106 468 2142 I
481 2108 566 2151 523,
588 2109 611 2142 7
635 2106 733 2144 Serv.
752 2119 906 2155 yramm,
929 2109 998 2145 IV
1011 2111 1096 2153 469,
1118 2112 1179 2154 1);
1203 2113 1326 2145 tamen
1348 2109 1419 2145 hac

51 2152 95 2188 in
118 2152 331 2198 diffamia
359 2165 438 2191 non
468 2155 612 2200 confido
643 2156 932 2200 conlationibus,
963 2161 1054 2193 certe
1084 2158 1127 2192 in
1152 2157 1189 2193 B
1214 2161 1340 2193 utrum
1369 2158 1420 2193 sit

50 2200 163 2246 plane
192 2202 371 2238 incer-tum
475 2200 527 2238 14
551 2201 726 2239 laborum
744 2224 789 2231 —
808 2203 974 2241 lenimen
1003 2210 1163 2251 mat
1191 2205 1298 2242 schol.
1325 2204 1417 2241 Stat.

52 2248 144 2285 Aah.
165 2251 201 2293 1,
219 2251 294 2285 185
416 2249 467 2286 15
503 2250 761 2297 mihicumque
797 2253 847 2300 ᾧ
881 2252 934 2301 Θ
965 2253 1118 2299 Porph„
1155 2252 1419 2298 medicumque

53 2296 293 2342 Lachmann,
322 2299 567 2344 motuumque
593 2299 822 2348 hecubam
857 2312 910 2337 om
934 2300 1211 2347 meritumque?
1307 2301 1418 2347 quale

53 2343 77 2380 1.
103 2343 201 2381 mihi
225 2355 384 2391 cumque
413 2346 580 2394 Geminq
