1586 2514
624 83 771 122 EPIST.
796 83 830 119 11
850 89 882 119 2.
1346 78 1431 121 299

718 208 782 251 ΙΙ.

15 312 17 314 ’
77 295 224 348 Flore,
257 295 382 347 bono,
415 294 615 350 claroque
647 292 799 336 fidelis
830 291 967 335 amice
1000 289 1180 339 Neroni,

75 355 216 413 siquis
241 356 358 399 forte
382 353 491 398 velit
515 369 699 410 puerum
726 352 811 395 tibi
836 351 1019 395 vendere
1045 355 1197 394 natum

14 413 20 418 ⁸
78 415 243 459 Tibure
266 414 335 458 vel
360 413 517 458 Gabiis
542 418 585 456 et
611 418 753 456 tecum
778 412 839 455 sic
865 417 969 468 agat
994 410 1078 454 ‘hic
1103 415 1146 453 et

75 474 288 519 candidus
312 479 356 517 et
381 473 492 517 talos
514 488 542 516 a
566 471 726 515 vertice
751 471 930 528 pulcher
954 470 1048 514 ad
1035 485 1146 513 imos

67 533 164 578 ‘fiet
190 534 361 590 eritque
389 539 487 577 tuos
515 547 793 576 nummorum
824 530 1004 574 milibus
1033 535 1142 580 octo,

72 609 208 643 ,verna
234 592 494 637 ministeriis
521 591 576 636 ad
603 597 737 635 nutus
765 596 894 647 aptus
923 589 1057 642 erilis,

76 653 288 698 litterulis
318 653 499 698 Graecis
528 651 738 703 imbutus,
771 651 953 695 idoneus
984 649 1071 694 arti

77 713 284 758 cuilibet:
320 712 480 770 argilla
505 711 683 770 quidvis
712 710 958 755 imitaberis
988 710 1098 762 uda;

76 773 187 831 quin
211 773 346 817 etiam
371 779 496 817 canet
520 771 760 823 indoctum,
785 771 861 815 sed
888 771 1012 814 dulce
1038 769 1220 813 bibenti.

78 833 218 878 multa
241 833 383 877 fidem
407 832 619 900 promissa
642 831 802 883 levant,
831 831 907 874 ubi
932 830 1104 888 plenius
1128 845 1264 886 aequo
1398 843 1431 869 ιο

78 893 230 937 laudat
254 891 420 936 venalis
446 892 524 949 qui
550 890 642 935 volt
669 890 898 934 extrudere
926 905 1109 933 merces:

78 969 144 997 res
170 958 299 1010 urget
325 968 393 996 me
419 951 565 996 nulla:
600 967 695 995 meo
722 967 817 994 sum
845 966 1010 1007 pauper
1036 949 1083 993 in
1111 965 1219 993 aere

79 1028 205 1057 nemo
229 1012 308 1056 hoc
334 1027 600 1069 mangonum
626 1011 791 1054 faceret
818 1011 926 1063 tibi;
961 1026 1049 1054 non
1074 1016 1233 1053 temere
1259 1026 1284 1052 a
1312 1025 1377 1051 mc

77 1073 223 1130 quivis
250 1073 389 1116 ferret
415 1071 546 1116 idem.
585 1071 716 1115 semel
747 1071 816 1113 hic
846 1070 1028 1114 cessavit
1055 1076 1112 1121 et,
1144 1075 1193 1113 ut
1221 1068 1295 1120 fit,
1363 1117 1365 1119 ,

77 1133 127 1177 in
153 1132 283 1176 scalis
312 1131 448 1175 latuit
477 1137 672 1175 metuens
703 1131 933 1187 pendentis
964 1129 1170 1173 habenae’
1204 1154 1256 1158 ——
1399 1144 1431 1170 15

77 1191 152 1236 des
178 1207 393 1243 nummos,
421 1196 601 1248 excepta
627 1190 742 1234 nihil
770 1196 812 1234 te
837 1190 877 1233 si
905 1191 1017 1247 fuga
1044 1190 1214 1233 laedat:

77 1251 154 1295 ille
183 1252 302 1295 ferat
330 1251 522 1308 pretium
552 1266 714 1308 poenae
742 1266 931 1301 securus,
964 1250 1131 1306 opinor.

78 1311 269 1369 prudens
297 1310 444 1355 emisti
472 1310 695 1362 vitiosum,
724 1310 846 1354 dicta
877 1309 961 1353 tibi
993 1315 1056 1353 est
1086 1309 1180 1352 lex:

78 1371 320 1429 insequeris
350 1377 497 1415 tamen
527 1370 641 1414 hun'c
672 1376 716 1414 et
746 1370 825 1413 lite
857 1370 1040 1413 moraris
1072 1369 1260 1426 iniqua?
1294 1393 1347 1397 —-

78 1431 175 1476 dixi
204 1447 273 1475 me
302 1431 481 1488 pigrum
510 1429 813 1488 proficiscenti
844 1430 942 1482 tibi,
974 1429 1070 1472 dixi
1396 1444 1432 1470 20

79 1491 243 1536 talibus
272 1490 446 1535 officiis
474 1505 608 1548 prope
638 1506 855 1542 mancum,
888 1505 941 1533 ne
972 1506 1067 1533 mea
1095 1504 1242 1533 saevos

78 1551 276 1608 iurgares
305 1550 362 1594 ad
391 1556 435 1594 te
461 1550 580 1608 quod
613 1550 801 1607 epistula
832 1550 954 1593 nulla
985 1549 1158 1593 rediret.

76 1611 187 1668 quid
218 1616 314 1655 tum
344 1610 528 1668 profeci,
560 1626 726 1654 mecum
761 1610 974 1654 facientia
1004 1609 1102 1654 iura

77 1671 116 1715 si
140 1677 288 1715 tamen
311 1671 581 1728 attemptas?
611 1670 806 1727 quereris
831 1686 960 1727 super
985 1670 1063 1713 hoc
1088 1670 1235 1720 ctiam,
1262 1669 1377 1726 quod

79 1736 327 1789 exspectata
357 1730 442 1774 tibi
474 1746 561 1774 non
593 1731 767 1774 mittam
801 1730 994 1774 carmina
1027 1730 1226 1773 mendax.
1397 1745 1432 1771 25

173 1837 245 1884 Q:
260 1838 343 1873 aE
434 1836 615 1884 ΘεΒΦ

176 1932 216 1981 2,
231 1931 255 1968 4
281 1932 444 1968 talos—
463 1931 558 1967 imos
577 1932 620 1967 in
643 1933 721 1968 suis
745 1931 906 1968 versibus
926 1932 1066 1968 Auson
1089 1934 1171 1974 393,
1185 1934 1235 1967 48
1309 1930 1332 1966 S
1359 1930 1442 1966 imi-

81 1956 223 2018 tuberis
246 1981 296 2028 Q
319 1980 459 2016 Bland.
484 1981 640 2026 Porph„
672 1978 906 2015 imitabimur
937 1979 1043 2023 (-itur
1068 1980 1120 2024 21)
1153 1979 1250 2023 Rau
1288 1978 1441 2024 quidam

83 2028 326 2066 ‘imitabitur’
353 2027 502 2071 legunt,
537 2027 637 2073 quod
671 2029 729 2063 est
763 2038 786 2062 a
819 2038 934 2073 puero
967 2026 1147 2070 alienum3
1184 2026 1318 2062 melius
1353 2037 1441 2072 ergo

80 2076 240 2124 legimus
268 2075 508 2112 ‘imitaberis’
535 2075 575 2110 id
609 2077 700 2111 est.
764 2104 771 2110 .
799 2076 837 2110 et
869 2075 908 2110 in
943 2074 1132 2110 veteribus
1166 2074 1441 2120 exemplaribus

83 2124 323 2161 ‘imitaberis'
350 2123 426 2168 legi
415 2123 490 2158 tur
521 2124 627 2160 schol.
649 2124 723 2159 PV
840 2122 886 2158 11
923 2122 1120 2158 extrudere
1145 2122 1210 2169 Q,
1246 2121 1442 2158 excludere

79 2173 131 2258 αΘ
155 2172 294 2210 mand
386 2135 454 2208 gllss
479 2170 608 2207 laedat
630 2171 680 2218 Q
702 2170 769 2219 Θ
794 2170 914 2206 laedit
939 2170 1077 2207 Biana.
1105 2182 1127 2210 ς
1243 2169 1293 2205 18
1319 2171 1377 2205 est
1401 2182 1443 2206 m

224 2231 275 2266 po
309 2223 377 2256 aut
411 2219 581 2256 mnis-sum
617 2223 683 2254 aut
715 2219 1021 2264 superscrzptum:
1055 2218 1158 2254 dicta
1193 2219 1249 2253 est
1280 2217 1351 2253 tibi
1383 2218 1443 2254 lex

79 2269 191 2317 QR,
228 2267 340 2304 Dicta
369 2266 442 2303 tibi
471 2266 532 2303 lex
562 2270 621 2303 est
645 2267 744 2310 Fu,
781 2270 1015 2303 correxerunt
1038 2278 1114 2310 πς,
1152 2267 1210 2301 est
1241 2265 1345 2302 dicta
1369 2265 1441 2302 tibi

80 2315 141 2353 lex
166 2328 190 2357 ς
254 2315 336 2401 ἐθι
349 2315 446 2352 rodit
469 2317 513 2359 δ,·
539 2315 619 2362 [Φε
635 2314 823 2362 Euda]
906 2313 956 2350 22
982 2294 1123 2350 rediret
1146 2315 1195 2361 Q)
1211 2313 1263 2362 Θ
1288 2315 1441 2358 Βῑαηά.,

81 2364 229 2402 ueniret
296 2366 316 2400 λ
