1586 2514
585 69 728 107 SERM.
754 69 788 105 Η
807 72 841 105 4.
862 73 892 106 5.
1328 61 1415 106 233

55 190 143 219 non
173 179 321 218 tamen
351 173 567 229 interpres
597 169 860 214 tantundem
891 166 1066 212 iuveris.
1109 164 1220 208 adde

53 234 222 278 voltum
247 232 536 288 habitumque
559 229 765 281 hominis,
791 244 922 285 quem
947 233 996 270 tu
1020 224 1181 269 vidisse
1206 223 1359 267 beatus

56 309 144 339 non
168 292 319 350 magni
344 291 513 349 pendis,
539 290 646 348 quia
669 288 883 344 contigit;
915 292 963 331 at
987 285 1099 329 mihi
1125 299 1229 328 cura

55 368 143 397 non
170 351 401 396 mediocris
428 351 555 402 inest,
585 349 732 392 fontes
759 354 809 391 ut
835 347 958 391 adire
985 350 1172 389 remotos

54 419 185 470 atque
214 411 390 455 haurire
417 425 575 468 queam
602 408 720 452 vitae
747 409 979 464 praecepta
1006 402 1186 448 beatae.'
1376 416 1412 444 95

707 585 760 630 V.

55 675 167 719 ‘Hoc
189 689 376 732 quoquc,
402 671 590 724 Teresia,
615 675 788 729 praeter
810 675 987 714 narrata
1009 666 1177 726 petenti

55 734 279 792 responde,
307 733 468 791 quibus
493 731 673 776 amissas
700 745 900 788 reparare
925 744 1083 787 queam
1108 743 1174 771 res

55 794 226 840 artibus
257 800 390 851 atque
421 792 574 836 modis.
617 790 726 848 quid
758 790 875 834 rides
891 789 925 831 ?’
966 788 1126 832 ‘iamne
1158 786 1306 830 doloso

55 870 143 899 non
171 854 279 899 satis
308 859 374 897 est
404 852 600 896 Ithacam
631 850 777 894 revehi
807 849 1060 907 patriosque
1091 847 1278 890 Penates

55 914 278 972 adspicere
294 913 328 955 ’θ’
370 912 410 956 ³0
441 911 554 956 nulli
587 911 823 968 quicquam
856 909 1053 961 mentite,
1085 907 1207 951 vides
1239 911 1290 949 ut
1396 919 1415 946 ⁵

57 974 200 1018 nudus
229 973 442 1030 inopsque
470 971 649 1015 domum
680 970 854 1014 redeam
884 975 927 1012 te
954 974 1067 1020 vate,
1098 981 1236 1024 neque
1266 964 1361 1008 illic

55 1039 134 1078 aut
164 1033 376 1091 apotheca
406 1031 549 1090 procis
581 1031 748 1074 intacta
780 1036 845 1073 est
876 1034 955 1073 aut
987 1042 1141 1086 pecus:
1181 1025 1306 1083 atqui

56 1100 101 1138 et
123 1108 262 1151 genus
285 1098 330 1136 et
351 1092 506 1144 virtus,
531 1090 618 1135 nisi
641 1105 741 1134 cum
766 1105 825 1142 re,
852 1089 984 1132 vilior
1007 1087 1110 1144 alga
1136 1085 1229 1130 est.'

57 1153 246 1211 ‘quando
273 1151 529 1210 pauperiem
554 1150 699 1194 missis
727 1148 989 1206 ambagibus
1016 1147 1176 1199 horres,

55 1213 202 1270 accipe
233 1228 320 1269 qua
351 1211 520 1255 ratione
551 1225 683 1267 queas
714 1209 946 1252 ditescere.⁴
978 1206 1133 1251 turdus
1380 1218 1414 1245 10

55 1273 147 1317 sive
169 1272 293 1316 aliud
317 1271 488 1328 privom
511 1269 691 1314 dabitur
715 1268 814 1320 tibi,
840 1267 1010 1311 devolet
1035 1266 1154 1318 illuc,

58 1348 125 1376 res
149 1332 227 1376 ubi
251 1346 413 1388 magna
437 1330 551 1374 nitet
573 1328 752 1373 domino
776 1343 898 1381 sene;
932 1327 1079 1371 dulcia
1104 1341 1234 1383 poma

57 1398 101 1437 et
131 1406 426 1449 quoscumque
457 1384 573 1434 feret
602 1389 746 1432 cultus
777 1388 863 1431 tibi
895 1387 1064 1431 fundus
1095 1386 1277 1430 honores

57 1457 158 1497 ante
178 1451 337 1496 Larem
359 1454 509 1508 gustet
527 1448 819 1493 venerabilior
841 1447 954 1491 Lare
975 1447 1108 1490 dives.
1265 1455 1267 1457 ’

57 1512 135 1570 qui
167 1511 368 1570 quamvis
399 1509 600 1568 periurus
633 1508 731 1561 erit,
764 1508 859 1552 sine
891 1513 1034 1565 gente,
1069 1511 1273 1550 cruentus
1383 1520 1417 1546 15

56 1572 272 1630 sanguine
295 1571 507 1623 fraterno,
530 1569 763 1627 fugitivos,
789 1584 842 1612 ne
865 1573 1013 1611 tamen
1034 1566 1104 1610 illi

59 1639 108 1677 tu
139 1647 280 1676 comes
309 1629 514 1682 exterior,
545 1629 583 1673 si
614 1629 819 1686 postulet,
851 1628 916 1671 ire
946 1625 1143 1671 recuses.'

59 1693 180 1737 ‘utne
210 1698 358 1749 tegam
386 1704 542 1748 spurco
574 1689 743 1733 Damae
772 1688 923 1732 latus?
963 1687 1079 1731 haud
1110 1686 1176 1730 ita
1208 1685 1366 1729 Troiae

61 1768 130 1797 me
157 1751 287 1810 gessi,
316 1756 485 1794 certans
512 1765 681 1806 semper
709 1747 996 1792 melioribus!
1033 1747 1151 1804 'ergo

59 1827 226 1870 pauper
255 1810 370 1854 eris!
410 1809 586 1854 ‘fortem
617 1809 697 1853 hoc
726 1809 926 1852 animum
957 1807 1141 1851 tolerare
1171 1804 1354 1859 iubebo;
1382 1820 1419 1848 20

59 1877 104 1916 et
128 1870 351 1929 quondam
380 1869 548 1914 maiora
574 1868 753 1925 tuli<t>.
794 1874 844 1912 tu
872 1867 1087 1925 protinus,
1117 1865 1233 1910 unde

60 1931 242 1975 divitias
275 1930 473 1988 aerisque
503 1945 643 1981 ruam,
677 1928 750 1972 dic
782 1943 938 1985 augur,
972 1925 1173 1971 acervos.’

151 2037 375 2084 (omma
467 2034 600 2084 Θεῷ

153 2119 203 2168 5,
229 2119 254 2156 8
279 2118 412 2155 doloso
435 2119 501 2167 (D,
534 2117 684 2155 dolosos
711 2121 743 2155 Φ
858 2117 884 2154 6
909 2117 1062 2153 redeam
1086 2116 1179 2164 Qu„
1212 2115 1346 2151 redeat
1371 2115 1428 2152 Fl

60 2169 80 2206 7
107 2180 190 2206 cum
214 2169 380 2205 lemmate
404 2167 591 2213 apotheca
614 2168 779 2213 exempla
812 2167 928 2203 Vatic.
954 2168 1031 2202 263
1117 2162 1225 2209 atqui
1248 2163 1336 2211 φλ,
1360 2164 1427 2199 aut

57 2217 125 2263 qui
143 2217 202 2254 Fl
220 2216 402 2262 (ampla
426 2215 557 2259 Vatic.)
627 2215 674 2252 11
701 2214 852 2261 prinum
870 2215 920 2262 Q)
1005 2213 1156 2259 Por-ph„
1175 2211 1338 2258 primum
1356 2213 1426 2253 23:

59 2264 199 2312 legitur
229 2265 269 2301 et
295 2263 490 2312 ‘primum’
517 2265 562 2299 ut
588 2264 726 2310 ‘prima
756 2263 884 2309 poma'
911 2274 950 2299 sc
982 2262 1020 2298 11.
1041 2264 1076 2298 Γ
1177 2258 1228 2296 18
1253 2258 1353 2296 the
1382 2265 1421 2302 Θ

56 2313 110 2401 ἐξ
130 2313 318 2358 (mand),
342 2311 453 2348 Visne
478 2311 574 2358 alfii)
598 2314 643 2348 ut
661 2313 710 2356 F,
728 2311 845 2348 Visne
871 2323 893 2352 ς
966 2310 1015 2347 21
1043 2309 1134 2346 tulit
1157 2319 1192 2353 ς,
1217 2307 1290 2344 tuli
1309 2309 1358 2356 (D
1380 2312 1421 2352 ᾧ

134 2373 244 2400 ruam
267 2361 317 2411 Θ
339 2361 408 2412 (ᾧ,
442 2371 572 2399 erusm
599 2361 640 2400 Ε
659 2361 765 2401 Goth.
790 2371 836 2398 ex
862 2359 1046 2408 ‘Pon-ff),
1076 2360 1219 2397 struem
1246 2357 1427 2397 Schrader
