1586 2514
201 116 283 159 116

193 796 228 823 25

191 1140 226 1166 30

721 116 864 153 CARM.
891 118 958 153 1111
981 123 1010 154 1.

305 219 360 266 et,
387 216 646 272 quandoque
672 217 890 272 potentior

356 273 469 330 largi
502 275 752 318 muneribus
783 264 929 318 riserit
958 277 1133 319 aemuli.

303 332 500 377 Albanos
526 349 658 390 prope
684 340 726 377 te
752 334 870 377 lacus

356 399 488 447 ponet
514 408 796 436 marmoream
821 394 902 437 sub
929 395 1050 438 trabe
1077 396 1222 439 citrea.

301 497 394 541 illic
421 499 611 555 plurima
638 501 814 543 naribus

353 557 480 601 duces
508 564 607 602 tura
633 559 837 615 lyraeque
864 566 907 603 et
938 561 1221 617 Berecyntiae

299 615 564 660 delectabere
588 617 722 661 tibiae

354 676 506 719 mixtis
537 676 804 720 carminibus
834 693 920 721 non
952 678 1044 722 sine
1078 679 1257 732 fistula;

299 781 393 825 illio
417 782 482 826 bis
504 783 628 839 pueri
652 783 723 827 die

352 857 511 885 numen
543 858 640 885 cum
673 844 832 887 teneris
863 844 1110 901 virginibus
1143 853 1263 889 tuom

298 899 524 944 laudantes
552 901 660 957 pede
687 903 872 946 candido

351 959 398 1002 in
429 975 591 1003 morem
624 960 794 1004 Salium
825 968 890 1005 ter
919 964 1120 1019 quatient
1150 965 1344 1008 humum.

298 1082 364 1108 me
390 1082 466 1109 nec
490 1067 659 1111 femina
683 1084 758 1112 nec
785 1084 892 1125 puer
1060 1116 1062 1118 ,

351 1125 439 1168 iam
466 1141 542 1169 nec
566 1142 663 1182 spes
689 1128 826 1171 animi
854 1129 1027 1172 credula
1054 1131 1195 1173 mutui

297 1199 372 1228 nec
402 1190 564 1229 certare
593 1186 716 1230 iuvat
746 1202 862 1231 mero

350 1259 425 1287 nec
454 1244 617 1288 vincire
646 1246 767 1289 novis
797 1252 991 1302 tempora
1022 1248 1222 1291 floribus.

293 1350 368 1394 sed
401 1366 476 1395 cur
509 1354 605 1403 heu,
640 1352 868 1410 Ligurine,
904 1370 979 1398 cur

276 1446 277 1449 ,
350 1417 498 1454 manat
526 1427 623 1455 rara
651 1428 769 1456 meas
797 1414 976 1458 lacrima
1006 1430 1082 1471 per
1109 1415 1274 1472 genas?

187 1828 220 1853 40

182 2213 291 2256 (tibia
316 2214 352 2250 R
378 2214 438 2259 φῖ)
471 2215 520 2262 (ᾗ

180 2309 275 2345 Serv.

295 1484 371 1512 cur
398 1471 589 1513 facunda
617 1486 771 1527 parum
799 1472 951 1516 decoro

349 1529 463 1571 inter
491 1530 620 1573 verba
649 1531 766 1574 cadit
795 1532 948 1588 lingua
977 1533 1187 1576 silentio?

294 1636 516 1679 nocturnis
540 1652 619 1692 ego
643 1638 822 1680 somniis

347 1695 434 1738 iam
459 1701 634 1752 captum
660 1702 797 1748 teneo,
823 1697 912 1741 iam
937 1699 1153 1742 volucrem
1176 1715 1328 1755 sequor

293 1760 335 1796 te
361 1769 437 1810 per
463 1755 664 1811 gramina
691 1756 849 1799 Martii

345 1814 502 1870 campi,
531 1819 572 1856 te
599 1830 675 1871 per
702 1830 847 1871 aquas,
877 1816 995 1867 dure,
1024 1817 1240 1861 volubilis.

275 2024 343 2070 (ῇε
360 2025 398 2059 Α
412 2024 493 2060 BG
584 2026 634 2072 OE)
649 2041 654 2060 ε
672 2028 713 2062 R
724 2028 765 2061 Φ

278 2118 325 2154 18
350 2119 460 2164 Largi
478 2121 536 2167 Q),
557 2120 687 2167 Largis
705 2121 756 2169 Θ

180 2355 245 2391 39.
272 2354 324 2391 40
349 2358 391 2392 ob
417 2369 501 2393 rem.
522 2359 653 2404 Por-ph.
675 2360 725 2394 ad
748 2371 849 2395 serm.
871 2362 905 2402 2,
927 2363 959 2404 1,
980 2363 1004 2395 8

828 2122 878 2156 20
898 2122 1011 2158 citrea
1031 2123 1079 2169 (D
1099 2124 1231 2169 Porph.
1248 2125 1286 2166 (i.
1301 2124 1407 2159 schol.
1423 2126 1457 2159 A
1469 2126 1526 2161 Γ),

182 2177 317 2211 cyprea
413 2179 458 2203 ex
484 2171 517 2211 1,
537 2171 570 2210 1,
591 2171 637 2204 13
745 2168 795 2204 22
820 2168 997 2215 lyraeque
1024 2171 1062 2205 et
1091 2170 1328 2215 berecyntiae
1355 2170 1389 2206 d.
1409 2171 1526 2206 tibiae

542 2215 609 2263 Θ,
644 2215 799 2262 lyraque
834 2219 872 2252 et
906 2217 1122 2263 berecyntia
1157 2218 1191 2253 d.
1218 2217 1314 2254 tibia
1339 2219 1478 2254 Bland.
1505 2233 1526 2259 ς

181 2260 230 2295 28
257 2261 429 2306 quatient
450 2262 522 2306 Gn,
548 2264 725 2308 quatiunt
744 2265 793 2311 Q)
810 2264 860 2312 Θ
955 2265 1020 2301 Βό.
1040 2265 1092 2301 36
1117 2266 1159 2301 ob
1183 2267 1396 2302 sententiam
1420 2267 1527 2311 affert

302 2310 392 2345 Aen.
420 2312 454 2354 4,
474 2313 522 2346 76
630 2311 679 2347 37
707 2323 776 2357 ego
803 2311 955 2347 somniis
979 2313 1028 2359 (D
1050 2312 1116 2360 Θ,
1151 2323 1220 2359 ego
1247 2317 1283 2348 te
1315 2313 1468 2348 somniis
1496 2316 1526 2349 Φ
