1586 2514
158 96 216 139 52
687 100 833 138 CARM.
858 101 892 136 H
910 106 945 138 4.

773 222 890 265 1111.

425 303 492 346 Ne
522 303 581 347 sit
610 304 793 348 ancillae
823 305 908 348 tibi
935 321 1059 350 amor
1087 308 1259 364 pudori,

422 355 625 406 Xanthia
653 363 852 407 Phoceu:
885 364 1008 421 prius
1034 366 1292 412 insolentem

421 437 543 465 serva
574 422 737 466 Briseis
765 423 890 467 niveo
917 424 1057 469 colore

476 482 613 524 movit
643 481 879 535 Achillem,

171 612 189 638 5
422 599 559 642 movit
589 600 774 644 Aiacem
806 601 1039 647 Telamone
1070 610 1224 647 natum

421 659 566 701 forma
595 659 791 715 captivae
819 660 1047 706 dominum
1077 663 1337 716 Tecmessae,

421 717 529 761 arsit
553 718 735 762 Atrides
758 719 902 764 medio
926 721 975 764 in
997 722 1221 779 triumpho

472 776 645 834 virgine
668 783 808 834 rapta,

419 895 625 939 barbarae
651 902 882 953 postquam
905 899 1095 944 cecidere
1122 906 1290 946 turmae

154 967 188 993 ιο
422 954 626 999 Thessalo
650 955 813 1000 victore
838 963 882 1000 et
905 958 1132 1016 ademptus
1158 960 1323 1004 Hector

416 1014 604 1058 tradidit
624 1015 753 1058 fessis
775 1015 937 1061 leviora
960 1018 1058 1062 tolli

471 1073 687 1130 Pergama
715 1073 860 1119 Grais.

416 1192 579 1235 nescias
605 1208 662 1236 an
688 1198 730 1236 te
755 1209 964 1251 generum
991 1195 1107 1240 beati

415 1249 638 1307 Phyllidis
663 1252 809 1296 flavae
831 1253 1035 1298 decorent
1058 1262 1281 1312 parentes:

149 1323 182 1349 1⁶
415 1310 587 1367 regium
615 1317 728 1355 certe
755 1327 905 1369 genus,
935 1320 979 1358 et
1005 1315 1176 1371 penatis

467 1376 629 1413 maeret
657 1371 846 1428 iniquos.

413 1489 536 1531 crede
561 1504 648 1533 non
672 1489 798 1533 illam
823 1490 907 1534 tibi
932 1492 986 1535 de
1009 1493 1187 1537 scelesta

412 1547 537 1603 plebe
561 1547 767 1592 dilectam
792 1565 930 1607 neque
952 1551 1016 1595 sic
1040 1551 1237 1605 fidelem,

410 1607 472 1650 sic
499 1607 620 1651 lucro
646 1614 839 1652 aversam
865 1610 1057 1666 potuisse
1083 1612 1202 1656 nasci

143 1677 180 1705 eo
465 1672 603 1709 matre
630 1667 847 1723 pudenda.

411 1784 612 1829 bracchia
636 1791 681 1829 et
703 1786 872 1830 voltum
898 1794 1136 1846 teretesque
1161 1805 1281 1833 suras

410 1844 582 1901 integer
609 1844 766 1889 laudo:
799 1846 908 1903 fuge
933 1848 1146 1905 suspicari

409 1903 531 1946 cuius
558 1909 751 1948 octavom
776 1906 1014 1962 trepidavit
1038 1914 1154 1951 aetas

462 1962 658 2006 claudere
683 1964 883 2008 lustrum.

230 2160 508 2206 &ABDE
599 2162 778 2210 &234⁵

231 2253 271 2301 4,
286 2254 310 2290 8
341 2255 473 2291 briseis
498 2257 546 2304 (D
620 2287 628 2302 ,
654 2258 795 2294 breseis
821 2261 852 2295 Φ
948 2260 973 2295 6
1007 2262 1210 2296 tecmessae
1234 2261 1283 2308 (D
1298 2261 1365 2309 QD,
1402 2263 1480 2308 teg-

135 2312 278 2338 messae
312 2305 343 2338 Φ
469 2304 518 2339 18
554 2304 591 2340 d1
610 2307 729 2341 ectam
759 2307 808 2353 Q)
830 2307 881 2355 ᾧ)
912 2308 1104 2352 (Bland),
1141 2307 1325 2344 delectam
1354 2309 1483 2346 ΗΕΒ

135 2348 182 2384 21
214 2371 254 2376 —
282 2349 393 2386 laudo
421 2352 464 2388 ob
487 2353 586 2387 teres
611 2353 708 2390 Serv.
734 2355 825 2390 Aen.
848 2358 883 2398 6,
895 2357 970 2391 207
