1586 2514
644 79 790 118 CARM.
816 79 852 116 11
870 83 902 115 5.
1394 77 1452 120 53

750 191 803 236 V.

309 278 520 323 Nondum
544 276 727 321 subacta
752 276 869 319 ferre
895 274 1052 331 iugum
1078 273 1196 317 valet

305 338 484 391 oerviee,
515 337 712 382 nondum
741 335 895 379 munia
919 334 1124 392 conparis

359 412 546 456 aequare
574 411 652 441 neo
679 395 798 440 tauri
827 393 995 438 ruentis

413 458 463 502 in
491 472 692 502 venerem
722 455 906 499 tolerare
935 453 1120 511 pondus.

307 554 422 599 eirca
446 552 631 597 virentis
656 558 722 596 est
746 550 920 595 animus
945 555 1047 594 tuae
1434 563 1451 589 5

305 615 480 671 campos
505 612 712 657 iuvencae
738 625 852 655 nuno
878 609 1037 654 fluviis
1063 625 1241 667 gravem

357 673 543 720 solantis
568 677 752 724 aestum,
779 685 896 714 nuno
921 669 971 713 in
997 669 1084 714 udo

413 733 563 777 ludere
588 748 687 776 eum
710 730 866 775 vitulis
890 729 1046 773 salicto

306 827 655 887 praegestientis.
701 825 806 870 tolle
832 824 1086 882 cupidinem

306 889 479 933 inmitis
505 902 638 932 uvae:
669 887 760 930 iam
784 884 870 928 tibi
895 883 1056 928 lividos
1417 897 1453 925 ιο

358 947 607 1005 distinguet
631 952 870 990 autumnus
895 959 1087 988 racemos

412 1022 634 1065 purpureo
660 1004 809 1049 varius
837 1004 991 1047 colore.

305 1103 396 1148 iam
427 1109 470 1147 te
497 1107 704 1160 sequetur
738 1099 898 1155 (currit
927 1099 1046 1142 enim
1077 1099 1204 1142 ferox

305 1169 425 1208 aetas
448 1169 494 1207 et
513 1161 586 1206 illi
606 1160 726 1218 quod
749 1159 835 1203 tibi
858 1158 1098 1216 dempserit

360 1223 553 1280 adponet
577 1218 755 1275 annus),
781 1218 874 1263 iam
899 1224 1102 1276 proterva
1418 1232 1453 1259 ιε

412 1283 562 1326 fronte
586 1286 707 1338 petet
732 1278 900 1336 Lalage
925 1278 1137 1323 maritum

306 1378 481 1430 dilecta,
506 1381 725 1434 quantum
750 1390 838 1418 non
865 1374 1031 1418 Pholoe
1058 1375 1214 1431 fugax,

306 1452 395 1482 non
422 1435 597 1480 Chloris
623 1434 724 1479 albo
750 1434 812 1478 sio
839 1450 990 1478 umero
1016 1435 1163 1478 nitens

360 1502 410 1541 ut
438 1511 550 1553 pura
577 1500 791 1539 nocturno
820 1494 992 1538 renidet

412 1556 518 1600 luna
545 1554 659 1600 mari
686 1554 927 1598 Cnidiusve
954 1553 1121 1612 Gyges,
1312 1593 1313 1596 ,
1414 1566 1452 1594 ao

304 1667 436 1710 quem
458 1650 497 1695 si
520 1650 768 1708 puellarum
791 1650 1002 1694 insereres
1025 1649 1168 1700 choro,

305 1711 417 1755 mire
437 1709 608 1767 sagacis
630 1709 809 1753 falleret
830 1710 1025 1767 hospites

359 1770 598 1815 discrimen
627 1769 859 1813 obscurum
888 1769 1045 1813 solutis

413 1829 609 1874 crinibus
633 1828 929 1886 ambiguoque
952 1828 1088 1872 voltu.

183 1984 464 2032 oe2ABDE
556 1960 736 2030 (ῷιιιφ

185 2080 227 2129 ὅ,
245 2079 271 2116 8
296 2100 342 2107 -
366 2077 658 2126 praegestientis
682 2079 726 2114 ob
750 2077 966 2125 praegestio
991 2077 1109 2113 Prisc.
1136 2078 1192 2120 14,
1206 2077 1255 2111 46
1273 2087 1312 2121 p.
1334 2078 1393 2118 50,
1407 2078 1455 2111 13

90 2127 140 2164 12
176 2127 300 2164 varios
333 2127 492 2164 Mamel
521 2137 547 2173 y
578 2125 719 2170 Faria,
753 2126 908 2173 Bentley
1030 2123 1081 2160 13
1119 2124 1297 2168 sequetur
1320 2123 1369 2170 (D
1391 2122 1455 2171 Θ,

88 2176 196 2213 schol.
223 2176 311 2219 ΑΓ,
336 2174 508 2221 sequitur
531 2173 660 2210 ΒΕΦ
756 2174 873 2209 currit
896 2173 955 2220 Q),
981 2172 1106 2208 curret
1127 2170 1180 2220 (ᾧ
1277 2170 1326 2207 14
1353 2170 1454 2215 quod

88 2224 258 2271 Bentley,
282 2233 376 2270 quos
396 2223 447 2271 Q)
462 2221 518 2270 ᾧ)
537 2222 673 2267 Porph.
785 2222 835 2258 15
860 2232 980 2257 annus
1004 2221 1172 2267 Bentley,
1197 2231 1314 2256 annos
1338 2219 1388 2266 (D
1409 2223 1451 2262 ᾧ

88 2272 225 2318 Pmph.
342 2271 393 2307 10
417 2272 524 2318 petet
546 2269 596 2317 G)
612 2269 675 2318 Θ,
698 2270 798 2316 petit
822 2269 954 2306 DER
1074 2268 1123 2304 19
1155 2267 1303 2303 renidet
1326 2267 1375 2337 Q
1396 2271 1454 2310 (D,

89 2320 229 2356 renitet
253 2319 370 2356 Rau
465 2318 613 2354 enidius
639 2318 798 2362 BRon,
822 2317 976 2364 gnidius
1002 2316 1223 2353 ADEFm
1320 2314 1368 2350 2⁶.
1396 2326 1454 2351 sa-

89 2378 202 2415 gaces
228 2388 272 2394 —
299 2366 498 2404 obscurum
523 2367 567 2402 ob
590 2368 807 2402 sententiam
831 2366 938 2402 schol.
964 2365 1050 2400 Juv.
1079 2368 1136 2407 15,
1153 2367 1222 2401 137
