1586 2514
630 85 774 122 EPOD.
801 91 833 123 ὅ.
1328 87 1408 130 151

214 186 353 231 nardo
383 191 657 244 perunctum,
690 185 819 242 quale
851 200 940 230 non
972 185 1211 243 perfectius

268 262 389 290 meae
417 245 660 289 laborarint
689 261 856 289 manus.
1374 261 1412 288 eo

214 306 324 364 quid
355 305 551 350 accidit?
588 319 667 349 cur
697 304 796 349 dira
828 305 1036 350 barbarae
1069 306 1214 348 minus

267 381 432 410 venena
453 364 636 408 Medeae
656 364 818 417 valent,

213 425 376 483 quibus
403 424 635 482 superbam
663 424 789 482 fugit
819 425 913 469 ulta
941 425 1165 483 paelicem,

269 485 421 543 magni
450 484 652 528 Creontis
681 485 845 537 filiam,

212 561 311 589 cum
339 544 472 602 palla,
503 543 605 588 tabo
632 560 792 589 munus
819 544 1055 598 imbutum,
1086 560 1242 589 novam
1378 560 1414 588 ⁶⁵

269 603 473 648 incendio
499 609 684 660 nuptam
712 604 933 648 abstulit?

213 664 340 721 atqui
363 679 440 708 nec
463 663 596 707 herba
617 679 694 707 nec
717 664 857 708 latens
879 664 928 708 in
950 665 1116 721 asperis

269 723 397 767 radix
425 723 595 767 fefellit
625 739 694 767 me
721 723 842 769 locis.

215 783 431 827 indormit
460 783 603 827 unctis
634 784 832 828 omnium
863 783 1082 828 cubilibus

268 842 488 887 oblivione
513 843 766 900 paelicum?
1378 860 1415 887 το

214 918 254 955 a,
285 918 324 954 a,
352 902 523 947 solutus
549 903 751 947 ambulat
779 904 1004 948 veneficae

269 961 518 1006 scientioris
543 963 749 1007 carmine.

218 1037 306 1066 non
335 1021 525 1074 usitatis,
555 1022 682 1075 Vare,
714 1023 981 1080 potionibus,

269 1097 294 1125 o
324 1081 466 1126 multa
494 1081 712 1126 fleturum
743 1089 888 1140 caput,

216 1142 274 1186 ad
300 1157 369 1185 me
395 1157 586 1185 recurres
612 1158 689 1185 nec
715 1148 866 1186 vocata
892 1158 1014 1186 mens
1042 1148 1117 1186 tua
1381 1157 1416 1186 75

271 1201 436 1245 Marsis
459 1201 624 1245 redibit
648 1201 839 1245 vocibus.

220 1261 363 1305 maius
389 1260 567 1319 pax-abe,
596 1262 740 1305 maius
768 1261 1006 1305 infundam
1036 1262 1120 1305 tibi

274 1320 527 1365 fastidienti
549 1321 755 1378 poculum

219 1381 429 1439 priusque
454 1381 621 1425 eaelum
650 1381 765 1425 sidet
792 1381 982 1426 inferius
1013 1398 1122 1426 man

273 1440 430 1485 tellure
454 1447 652 1498 porrecta
675 1457 808 1499 super
1379 1457 1416 1485 so

217 1516 353 1558 quam
377 1516 466 1545 non
489 1516 635 1545 amore
658 1501 722 1545 sic
748 1517 843 1545 meo
869 1502 1036 1559 flagres
1063 1503 1130 1545 uti

273 1561 475 1605 bitumen
494 1561 604 1605 atris
626 1561 837 1619 ignibus.'

216 1620 299 1663 sub
327 1619 432 1664 haec
460 1635 569 1678 puer
596 1621 687 1665 iam
716 1637 818 1674 non,
850 1628 900 1665 ut
927 1632 1043 1672 ante,
1075 1621 1282 1666 mollibus

271 1679 411 1723 lenire
430 1679 574 1724 verbis
596 1681 756 1738 inpias,

215 1738 292 1782 sed
317 1738 482 1783 dubius
508 1739 623 1783 unde
650 1747 872 1797 rumperet
898 1740 1139 1791 silentium,
1380 1756 1416 1784 ss

275 1797 401 1842 misit
427 1798 666 1855 Thyesteas
692 1815 862 1855 preces:

222 1857 400 1901 ‘venena
430 1873 560 1914 maga
591 1873 679 1901 non
710 1859 780 1901 fas
812 1859 1038 1916 nefasque,
1072 1875 1158 1903 non
1190 1860 1337 1904 valent

274 1922 522 1960 convertere
553 1917 789 1961 humanam
821 1918 974 1962 vicem.

151 2022 373 2072 φιΑΒο
463 2020 646 2069 &Ro

154 2117 207 2154 80
218 2116 484 2165 laborarint&
497 2118 626 2154 Bland
648 2119 813 2164 (Prisc),
826 2118 1047 2155 laborarunt
1059 2120 1108 2167 Q)
1157 2119 1209 2157 63
1222 2119 1424 2165 superbam

128 2166 282 2210 Bland„
307 2165 471 2212 superba
487 2165 571 2213 ῶπ
587 2167 695 2204 schol.
710 2168 792 2204 AV
883 2167 934 2204 65
955 2167 1142 2204 imbutum
1160 2167 1221 2216 Θ,
1242 2166 1424 2203 infectum

125 2225 170 2251 ex
187 2214 324 2261 Por-ph.
345 2213 388 2258 (i.
406 2213 514 2250 schol.
529 2214 619 2252 AV)
694 2216 893 2263 nouam&
955 2243 965 2260 ,
984 2227 1084 2252 noua
1098 2217 1179 2252 AB
1279 2214 1325 2250 '21
1346 2214 1425 2260 ιρι)

24 2272 30 2278 ·
60 2261 138 2308 a(h)
210 2261 272 2310 ᾧ),
291 2263 491 2298 omiserunt
505 2262 647 2300 Rom
735 2263 785 2299 79
803 2263 899 2299 ‘mari
961 2292 971 2307 ,
991 2263 1157 2312 mare&
1241 2262 1289 2298 87
1310 2272 1425 2307 maga

60 2320 136 2349 non
203 2315 308 2354 nupt,
333 2319 512 2356 magnum
536 2310 586 2357 (D
601 2310 654 2359 Q}
677 2312 813 2359 Porph.
957 2312 981 2348 8
1007 2312 1211 2348 humanam
1236 2311 1358 2346 uicem

58 2357 122 2406 (ᾧ,
145 2357 332 2394 humanas
356 2356 460 2394 uices
486 2358 658 2406 Bentley,
689 2364 798 2406 atque
829 2359 932 2396 uices
963 2360 1108 2396 vidntur
1139 2360 1262 2406 legisse
1287 2358 1390 2402 Porp
1415 2383 1425 2393 .
