1586 2514
615 99 763 138 CARM.
787 101 806 137 Ι
824 105 880 138 22.

664 211 833 255 XXII.

339 299 522 358 Integer
550 300 668 346 vitae
696 301 955 359 scelerisque
985 317 1123 359 purus

337 374 427 405 non
454 366 555 418 eget
582 360 758 406 Mauris
786 361 943 406 iaculis
972 376 1113 419 neque
1141 377 1244 407 arcu

338 435 416 464 nec
445 420 669 465 venenatis
698 421 883 480 gravida
911 421 1104 478 sagittis,

390 479 546 534 Fusco,
572 480 791 539 pharetra,

335 593 428 639 sive
489 609 536 639 er
567 593 716 652 Syrtis
746 594 831 639 iter
862 600 1082 641 aestuosas

335 653 427 698 sive
476 659 654 699 acturus
679 670 758 712 per
781 654 1095 713 inhospitalem

338 713 583 758 Caucasum
608 713 679 758 vel
703 729 816 772 quae
842 715 937 759 loca
965 715 1196 762 fabulosus

388 772 550 818 lambit
578 773 827 832 Hydaspes.

334 901 524 944 namque
549 902 619 931 me
643 886 756 931 silva
780 887 913 945 lupus
939 888 989 933 in
1015 888 1197 943 Sabina,

334 944 442 989 dum
472 961 615 990 meam
645 952 774 990 canto
805 947 1004 1005 Lalagen
1034 954 1080 992 et
1111 948 1230 994 ultra

333 1004 573 1049 terminum
604 1006 721 1050 curis
750 1022 886 1063 vagor
916 1008 1150 1064 expeditis,

386 1064 513 1122 fugit
537 1066 774 1117 inermem3

332 1177 461 1236 quale
480 1184 735 1236 portentum
755 1195 894 1237 neque
913 1180 1125 1225 militaris

333 1237 535 1282 Daunias
566 1237 670 1283 latis
701 1239 785 1283 alit
814 1240 1044 1285 aesculetis

332 1312 410 1341 nec
431 1297 569 1342 Iubae
589 1299 720 1344 tellus
738 1306 933 1357 generat,
955 1300 1132 1345 leonum

383 1356 512 1402 arida
538 1359 706 1403 nutrix.

330 1485 444 1528 pone
463 1487 532 1515 me
551 1471 695 1530 pigris
715 1473 792 1516 ubi
813 1473 937 1518 nulla
957 1475 1123 1532 campis

327 1530 460 1575 arbor
485 1531 652 1577 aestiva
678 1539 899 1587 recreatur
925 1550 1046 1587 aura,

330 1590 448 1648 quod
472 1591 588 1636 latus
613 1593 769 1636 mundi
794 1593 978 1638 nebulae
1005 1594 1232 1653 malusque

387 1650 591 1709 Iuppiter
620 1659 772 1710 urget;

329 1778 441 1820 pone
466 1764 547 1808 sub
573 1780 702 1809 curru
727 1765 918 1810 nimium
946 1768 1185 1826 propinqui

326 1822 434 1867 solis
451 1822 502 1868 in
519 1829 635 1869 terra
651 1825 857 1870 domibus
875 1833 1060 1884 negata:

327 1882 454 1926 dulce
477 1882 694 1928 ridentem
718 1884 916 1943 Lalagen
939 1887 1108 1939 amabo,

380 1941 507 1986 dulce
529 1942 794 2001 loquentem.

151 2118 433 2167 ῶεΔΒΒΕ
502 2120 709 2168 ΔΕῇεΙίΦ

115 2273 168 2323 ᾧ)

55 2372 245 2407 recreetur
268 2370 403 2408 umbra
429 2372 502 2417 (bie
534 2373 710 2410 Victoria
729 2385 881 2421 qramm.
904 2375 964 2412 VI
978 2378 1062 2420 157,
1081 2378 1120 2421 4)

127 2435 309 2471 noumn,
326 2436 373 2464 «ι.
386 2437 512 2465 voum
520 2446 566 2466 u.
603 2440 660 2466 na.
679 2440 721 2467 11.
741 2441 848 2468 maior.
868 2443 970 2479 [uas]
1181 2439 1203 2471 8

1377 103 1436 147 33

1396 966 1431 994 10

1394 1320 1428 1346 15

1391 1674 1426 1700 20

153 2224 204 2263 28
238 2226 336 2264 1-⁶3
357 2228 402 2265 ob
419 2229 636 2266 sententiam
655 2230 764 2275 affert
782 2231 886 2267 Lact.
908 2232 992 2268 inst.
1014 2235 1049 2276 5,
1064 2235 1123 2276 17,
1138 2235 1187 2269 18
1236 2232 1260 2268 2
1280 2233 1420 2269 mauris

191 2250 352 2320 bland„
375 2277 483 2313 schol.
505 2278 541 2312 Γ
562 2277 723 2323 (Lace),
748 2278 869 2314 mauri
889 2290 912 2319 ς

54 2273 188 2359 PM
516 2323 525 2333 .
1005 2279 1052 2316 11
1080 2280 1268 2327 expeditis
1291 2281 1342 2328 ρῑ)
1357 2280 1410 2329 (ᾧ

190 2351 197 2357 .
218 2323 366 2370 Porph„
391 2324 589 2371 expeditus
609 2337 632 2366 ς
706 2325 755 2362 18
780 2327 973 2363 recreatur
991 2338 1084 2364 aura
1101 2328 1151 2376 Q)

1167 2328 1220 2377 {D
1242 2329 1349 2366 schol.
1372 2310 1420 2373 A}
