1586 2514
585 98 730 134 EPIS'l'.
758 99 773 133 1
799 104 831 135 2.
853 103 885 134 3.
1333 96 1416 139 257

65 200 275 256 imperat3
311 199 425 242 hunc
450 198 603 249 frenis,
629 197 742 241 hunc
768 203 817 240 tu
840 212 1044 253 conpesce
1069 202 1232 239 catena.

63 258 207 316 fingit
235 273 392 315 equom
421 264 568 302 tenera
594 257 778 301 docilem
807 257 969 299 cervice
996 255 1206 312 magister

63 318 128 362 ire
155 317 274 361 viam
299 333 389 375 qua
415 322 627 362 monstret
653 331 805 373 eques;
841 316 1077 367 venaticus,
1107 331 1159 358 ex
1188 330 1274 371 quo
1383 329 1417 355 65

62 384 256 434 tempore
283 377 502 422 cervinam
526 375 684 434 pellem
708 375 890 419 latravit
913 376 961 421 in
986 374 1101 427 aula,

62 436 230 480 militat
257 437 306 480 in
329 436 454 481 silvis
478 435 660 481 catulus.
697 450 811 478 nunc
834 434 995 478 adhibe
1021 450 1131 491 puro

62 502 235 554 pectore
261 497 406 549 verba,
433 511 554 554 puer,
581 509 695 539 nunc
722 501 764 538 te
791 494 1046 538 melioribus
1073 495 1206 537 offer.

61 571 149 614 quo
176 557 311 600 semel
340 563 405 600 est
432 555 604 600 imbuta
633 569 778 598 recens
806 553 996 597 servabit
1026 554 1201 597 odorem

63 622 174 660 testa
203 615 296 660 diu.
333 616 491 673 quodsi
519 630 654 660 cessas
681 620 759 658 aut
785 620 984 658 strenuos
1011 614 1166 666 amois,
1384 629 1418 654 το

62 691 139 720 nec
166 676 343 719 tardum
369 675 571 733 opperior
595 690 671 719 nec
697 673 1053 731 praecedentibus
1079 673 1207 717 insto.

690 841 781 883 ΙΙΙ.

64 925 154 968 Iuli
178 925 326 978 Flore,
348 926 508 983 quibus
529 931 742 969 terrarum
763 924 928 967 militet
950 923 1037 966 oris

62 985 276 1028 Claudius
305 986 503 1043 Augusti
529 985 773 1042 privignus,
800 983 909 1026 scire
935 983 1097 1026 laboro.

63 1045 288 1088 Thracane
317 1059 392 1089 vos
421 1044 683 1101 Hebrusque
711 1043 848 1087 nivali
879 1042 1084 1099 compede
1114 1043 1283 1086 vinctus

61 1120 119 1148 an
145 1104 265 1147 freta
287 1104 454 1149 vicinas
477 1105 595 1148 inter
619 1102 838 1147 currentia
864 1102 1000 1145 turris

62 1179 119 1208 an
146 1163 334 1221 pingues
358 1164 495 1208 Asiae
519 1163 663 1221 campi
689 1162 903 1218 collesque
929 1163 1191 1206 morantur?

59 1223 169 1280 quid
187 1223 389 1268 studiosa
403 1223 554 1268 cohors
564 1238 744 1280 operum
755 1222 922 1265 struit?
942 1222 1020 1264 hoc
1030 1237 1201 1278 quoque
1212 1238 1327 1265 curo.

61 1283 161 1340 quis
190 1282 278 1334 sibi
305 1298 372 1327 res
397 1289 541 1342 gestas
567 1282 766 1340 Augusti
794 1276 990 1325 scribere'
1006 1281 1177 1325 sumit?

62 1342 177 1386 bella
201 1342 303 1399 quis
327 1348 372 1387 et
394 1357 520 1400 paces
543 1343 727 1400 longum
751 1341 981 1385 diffundit
1004 1341 1053 1384 in
1078 1357 1226 1385 aevom
1245 1342 1263 1382 ⁸?

60 1401 171 1459 quid
204 1401 387 1446 Titius?
415 1401 617 1447 Romana
646 1401 765 1445 brevi
796 1407 1003 1444 venturus
1032 1401 1080 1444 in
1111 1416 1199 1451 ora,

62 1461 293 1505 Pindarici
319 1461 459 1506 fontis
481 1462 561 1520 qui
586 1477 674 1506 non
698 1460 915 1518 expalluit
940 1460 1121 1504 haustus
1384 1478 1417 1502 10

62 1520 269 1566 fastidire
296 1520 416 1565 lacus
441 1527 485 1566 et
510 1522 625 1566 rivos
650 1537 781 1565 ausus
807 1526 993 1577 apertos,

64 1588 114 1626 ut
141 1580 293 1625 valet?
322 1587 372 1624 ut
399 1581 604 1626 meminit
631 1582 805 1634 nostri?
850 1580 1078 1624 fidibusne
1108 1580 1284 1624 Latinis

63 1640 292 1684 Thebanos
325 1645 476 1698 aptare
508 1641 659 1685 modos
690 1640 837 1684 studet
869 1640 1045 1696 auspice
1077 1640 1224 1692 Musa,

62 1717 120 1745 an
150 1699 321 1757 tragica
347 1699 540 1744 desaevit
569 1707 613 1744 et
642 1700 912 1757 ampullatur
941 1700 989 1742 in
1019 1700 1146 1743 arte?

61 1759 171 1818 quid
181 1759 294 1803 mihi
304 1758 595 1817 Celsusagit?
620 1759 814 1804 monitus
825 1759 1098 1816 multumque
1111 1760 1363 1811 monendus,
1388 1777 1418 1803 15

64 1819 257 1878 privatas
279 1824 330 1862 ut
350 1825 532 1876 quaerat
555 1835 656 1877 opes
681 1826 723 1863 et
745 1826 923 1875 tangere
946 1819 1057 1862 vitet

152 1935 386 1984 ῶςαᾼἘ·
477 1935 658 1984 §Dato

154 2032 207 2068 63
232 2033 368 2068 eatena
390 2031 440 2079 <D
455 2031 524 2080 Θ,
551 2033 694 2068 catenis
722 2034 761 2068 E
776 2032 880 2068 Goth.
902 2044 924 2071 ς
1022 2032 1072 2068 65
1100 2044 1174 2078 qua
1201 2033 1304 2078 (quia
1323 2033 1418 2078 ΒΨ)

61 2081 161 2125 Εἰς,
185 2091 300 2126 quam
319 2081 407 2116 aA‘
422 2079 474 2128 ᾧ)
532 2081 728 2116 venaticus
742 2102 785 2107 —
801 2080 889 2115 aula
908 2080 951 2115 ob
970 2091 1044 2116 rem
1064 2080 1160 2117 Serv.
1184 2082 1275 2117 Aen.
1291 2085 1324 2124 7,
1343 2083 1419 2116 480

59 2131 106 2176 (v.
132 2139 179 2166 ex
203 2139 277 2174 quo
308 2126 499 2164 cervinam
532 2127 681 2164 catulus
706 2128 843 2174 pellem
868 2127 893 2163 l.
919 2127 942 2162 i.
970 2128 1018 2173 a.)
1114 2128 1273 2165 latrauit
1297 2129 1346 2176 Q)
1367 2128 1419 2176 Θ

59 2177 206 2223 (Sere),
229 2175 415 2213 lacerauit
439 2186 462 2215 ς
534 2174 587 2211 69
613 2175 694 2219 Quo
709 2197 752 2204 -
768 2176 832 2212 diu
852 2177 895 2212 ob
913 2178 1129 2213 sententiam
1150 2178 1245 2224 Auy.
1267 2178 1332 2213 civ.
1348 2180 1382 2220 1,
1396 2180 1418 2212 3

58 2230 92 2263 et
113 2236 221 2272 saepe
241 2224 460 2272 posteriores

154 2272 197 2318 ⁸,
216 2271 242 2309 8
266 2271 413 2308 Thraca
437 2270 603 2319 αΑἘῇ,
628 2271 773 2307 Threca
798 2273 839 2309 Ε
922 2270 947 2307 4
975 2275 1093 2309 turres
1119 2273 1181 2319 (-is
1207 2274 1244 2317 a)
1268 2272 1318 2319 Q)
1338 2271 1419 2308 Fu

60 2322 209 2368 Pon-ph„
232 2322 353 2356 tems
377 2319 439 2365 (-ie
466 2319 532 2362 12¹,
558 2331 613 2354 -es
638 2319 693 2365 δι)
722 2320 859 2356 Bland.
887 2319 988 2356 Rea
1074 2321 1122 2356 10
1149 2320 1415 2367 ‘haustu<s>’:

60 2381 151 2405 num
176 2369 371 2404 ‘haustu’?
397 2369 460 2403 l’s.
481 2368 613 2413 Porph.

135 2435 311 2468 nom-rius,
330 2434 375 2461 ed.
397 2434 574 2461 Vollmer.
615 2433 667 2459 Ed.
688 2434 726 2459 Π.
749 2435 966 2471 maior.[148(3]
1160 2430 1201 2462 17
