1586 2514
198 111 286 154 310
640 112 701 147 DE
729 111 856 147 ARTE
882 112 1093 149 POETICA.

199 226 235 252 so
254 215 302 252 ut
329 210 462 253 silvae
492 210 615 253 foliis
645 226 801 267 pronos
832 216 1057 254 mutantur
1086 210 1133 253 in
1161 226 1310 262 annos,

253 269 395 325 prima
424 270 608 313 cadunt:
645 270 709 313 ita
736 270 964 313 verborum
994 275 1115 313 vetus
1143 270 1296 314 interit
1324 276 1455 321 aetas,

253 334 296 371 et
323 328 529 372 iuvenum
558 329 649 372 ritu
678 329 842 372 florent
871 330 998 372 modo
1027 335 1130 373 nata
1157 329 1402 386 vigentque.

253 388 458 431 debemur
486 389 617 431 morti
647 404 723 432 nos
751 395 1005 445 nostraque:
1042 388 1130 431 sive
1158 394 1352 445 receptus

255 453 369 490 terra
392 448 623 504 Neptunus
647 448 793 491 classis
815 448 1113 504 Aquilonibus
1137 454 1265 500 arcet,

200 522 234 549 65
254 507 369 574 regis
396 523 516 563 opus,
543 507 757 551 sterilisve
782 507 861 551 diu
889 508 1013 564 palus
1041 514 1226 575 aptaque
1253 507 1382 552 remis

252 566 417 609 vicinas
449 567 574 610 urbes
605 567 687 609 alit
717 573 761 610 et
791 583 921 623 grave
949 567 1084 610 sentit
1114 573 1320 619 aratrum,

261 641 333 669 seu
361 641 532 669 cursum
562 625 749 669 mutavit
776 626 974 682 iniquom
1000 625 1205 682 frugibus
1234 626 1374 670 amnis

252 685 403 728 doctus
427 686 512 729 iter
536 686 716 729 melius:
747 686 950 730 mortalia
973 687 1092 729 facta
1116 686 1335 742 peribunt,

255 745 414 788 nedum
434 761 681 788 sermonum
704 750 789 788 stet
811 745 943 788 honos
967 751 1009 788 et
1031 745 1175 802 gratia
1196 746 1337 789 vivax.

202 820 236 846 το
256 804 394 847 multa
426 811 701 847 renascentur
729 820 841 860 quae
873 805 961 848 iam
995 805 1189 848 cedidere
1219 805 1455 862 cadentque

252 879 363 919 quae
387 880 500 907 nunc
522 869 626 907 sunt
649 864 697 906 in
721 864 880 906 honore
904 864 1123 915 vocabula,
1149 865 1186 907 si
1210 864 1325 908 volet
1349 880 1461 916 usus,

253 939 382 979 quem
405 939 533 979 penes
557 922 789 966 arbitrium
815 929 879 966 est
902 929 944 965 et
967 923 1035 966 ius
1059 929 1101 966 et
1125 939 1275 966 norma
1298 923 1514 980 loquendi.

255 998 319 1024 res
346 988 491 1038 gestae
519 997 754 1038 regumque
782 982 1024 1038 ducumque
1052 989 1096 1026 et
1123 982 1269 1026 tristia
1296 982 1408 1026 bella

254 1057 339 1097 quo
364 1041 497 1084 scribi
525 1047 698 1097 possent
725 1057 916 1093 numero,
947 1042 1203 1085 monstravit
1230 1042 1458 1085 Homerus.

203 1117 235 1142 75
254 1100 447 1143 versibus
475 1100 687 1156 inpariter
715 1100 875 1143 iunctis
903 1100 1173 1156 querimonia
1202 1101 1406 1158 primum,

255 1165 352 1215 post
382 1159 514 1202 etiam
546 1159 712 1203 inclusa
743 1165 806 1202 est
836 1160 927 1202 voti
958 1160 1170 1203 sententia
1202 1175 1396 1217 compos;

252 1218 352 1274 quis
382 1224 527 1261 tamen
557 1219 738 1274 exiguos
768 1219 908 1274 elegos
939 1219 1131 1262 emiserit
1161 1225 1322 1271 auctor,

255 1278 531 1334 grammatici
564 1283 730 1321 certant
761 1283 804 1320 et
835 1278 973 1321 adhuc
1004 1278 1085 1321 sub
1118 1278 1261 1321 iudice
1292 1278 1348 1322 lis
1379 1285 1454 1322 est.

289 1383 548 1430 QzaBGK
642 1383 825 1430 ΘεΒΦ

291 1465 343 1500 60
374 1465 520 1511 silu(a.)e
551 1465 681 1512 foli(i)s
704 1466 752 1513 Q
769 1465 835 1513 Θ,
871 1465 988 1502 siluae
1013 1466 1121 1501 flores
1147 1466 1238 1507 (cod.
1259 1466 1439 1510 Lanam„
1472 1478 1547 1502 non

196 1515 340 1550 Probus
352 1514 457 1559 ipse),
470 1513 562 1549 folia
575 1513 614 1549 in
628 1513 730 1549 silvis
746 1513 945 1558 (Diomed.)
1001 1513 1056 1549 ita
1068 1513 1175 1561 ΘΘ
1188 1513 1478 1560 (cod.Lavant.),
1491 1513 1547 1550 ita

195 1562 234 1596 01:
247 1561 450 1606 (Diomed.)
507 1561 639 1597 interit
650 1562 698 1608 Q
709 1561 769 1609 Θ,
786 1586 829 1596 ...
844 1563 904 1596 rat
917 1562 1008 1605 (cod.
1017 1562 1207 1606 Lavant),
1219 1561 1256 1595 in
1262 1560 1333 1596 erit
1346 1560 1545 1606 (Diomcd.)

197 1608 349 1644 68—65
376 1610 418 1645 ob
443 1609 552 1654 paliis
577 1610 693 1646 Prisc.
715 1612 750 1652 6,
769 1611 818 1644 83
836 1620 876 1654 p.
896 1611 983 1652 267,
1001 1611 1050 1644 23
1132 1607 1182 1644 63
1208 1629 1252 1635 -
1277 1610 1479 1654 nostraque
1504 1610 1547 1645 ob

196 1657 412 1692 sententiam
435 1657 532 1693 Serv.
553 1657 644 1692 Aen.
666 1660 701 1699 9,
721 1659 768 1692 95
839 1658 1009 1701 receptus
1028 1677 1075 1683 —
1098 1657 1202 1691 arcet
1225 1656 1268 1691 ob
1293 1657 1548 1702 metonymiam

196 1705 238 1740 irc
256 1703 454 1749 Neptunus
478 1706 615 1749 factam
641 1705 747 1749 affert
774 1704 896 1750 Quint.
917 1705 1001 1740 inst.
1022 1707 1057 1748 8,
1072 1708 1107 1747 0,
1119 1706 1169 1740 23
1232 1703 1410 1739 debemur
1432 1704 1481 1751 Q
1497 1703 1548 1752 Θ

199 1751 331 1795 (Seru,
356 1763 450 1797 pars
479 1752 580 1788 codd.
600 1752 735 1796 Prisc.)
766 1753 811 1795 cf.
839 1751 1015 1787 Simonid.
1041 1752 1111 1797 fry.
1133 1753 1203 1786 104
1237 1752 1386 1797 θανάτῳ
1411 1752 1547 1787 πάντες

198 1800 439 1843 ὸφειλόμεθα;
461 1799 638 1835 debemus
657 1800 693 1834 Β
714 1807 818 1844 (pars
836 1799 937 1835 codd.
950 1800 1082 1842 Prisc.)
1156 1797 1206 1833 65
1227 1797 1364 1833 sterilis
1377 1819 1421 1824 —
1435 1798 1547 1833 remis

197 1847 240 1882 ob
271 1845 379 1891 palus
411 1847 571 1890 afferunt
595 1847 691 1883 Serv.
719 1848 808 1883 Aen.
835 1849 877 1890 2,
897 1849 956 1882 69.
983 1849 1023 1890 6,
1043 1848 1115 1882 107
1143 1856 1293 1892 yramm.
1313 1846 1378 1881 IV
1391 1848 1480 1890 452,
1499 1847 1548 1882 32

198 1894 304 1930 Beda
328 1905 477 1939 yramm.
500 1895 581 1930 VII
593 1897 679 1938 238,
699 1898 719 1930 1
815 1904 861 1929 ue
887 1894 1036 1937 αΒδπ,
1070 1904 1142 1938 que
1167 1893 1387 1928 VBGKFM
1414 1894 1545 1937 (Prisc.

197 1941 294 1979 Serv.
315 1943 383 1985 ter)
471 1941 535 1976 diu
560 1941 669 1986 palus
687 1941 736 1988 Q
753 1941 803 1989 Θ
822 1942 917 1977 Serv.
938 1946 1000 1985 ter,
1026 1941 1156 1984 Prisc„
1180 1940 1288 1985 palus
1315 1940 1380 1975 diu
1401 1941 1547 1984 Gesner,

197 1988 306 2034 palus
337 1987 440 2033 prius
466 1990 630 2034 Bentley,
663 1989 772 2034 palus
806 1989 895 2024 olim
926 1989 1158 2033 Peerlkamp;
1191 1989 1237 2032 cf.
1263 1987 1414 2023 Skutsch
1440 1989 1547 2032 Γέραε

196 2037 239 2071 in
262 2037 344 2072 hon.
365 2036 490 2072 Fickii
507 2049 547 2081 p.
568 2038 650 2079 147,
672 2040 690 2071 1
791 2035 838 2071 72
863 2037 941 2072 sine
967 2038 1126 2072 lemmate
1150 2035 1312 2080 exempla
1339 2035 1452 2071 Vatic.
1471 2038 1547 2071 267

198 2082 348 2127 (Quam3
380 2085 513 2119 omissa
539 2083 673 2128 etius)
771 2077 833 2120 73.
862 2082 910 2119 74
941 2085 983 2119 ob
1014 2095 1087 2120 rem
1119 2083 1291 2118 Victorm.
1317 2093 1466 2128 yramm.
1495 2083 1552 2118 VI

198 2133 326 2174 50,17
396 2130 455 2167 75.
480 2130 528 2166 76
554 2131 595 2167 ob
620 2142 695 2167 rem
719 2131 863 2167 sacerd.
884 2143 1033 2176 qramm
1057 2131 1114 2167 VI
1129 2133 1213 2173 510,
1233 2133 1256 2166 3
1330 2129 1378 2166 75
1406 2130 1545 2167 Charvs.

196 2189 346 2233 gramm
367 2179 395 2213 I
407 2181 494 2222 202,
512 2181 563 2214 26
589 2178 812 2224 ‘Impariter'
841 2178 1076 2233 (Horatius)
1103 2176 1347 2223 epistularum
1380 2178 1427 2212 εν.
1447 2177 1472 2213 i.
1493 2178 1533 2213 i.’

198 2225 264 2260 ubi
290 2224 330 2268 Q
352 2206 548 2260 Terentius
574 2225 731 2261 Scaurus
762 2226 801 2261 in
834 2225 1110 2262 commentariis
1140 2225 1179 2260 in
1212 2226 1328 2260 artem
1360 2206 1546 2270 poeticaui

197 2273 293 2308 libro
319 2273 351 2307 X
378 2272 624 2309 adverbium'
652 2273 775 2318 inquit
802 2274 1004 2319 figuravit’
1087 2273 1244 2319 primum
1269 2273 1318 2319 Q
1334 2272 1400 2321 Θ,
1426 2273 1547 2318 prima

198 2321 376 2366 (sacerd.)
476 2320 524 2356 76
555 2320 700 2356 inclusa
731 2323 788 2356 est
811 2321 859 2368 Q
880 2321 1085 2365 (Sacerdos)
1110 2320 1216 2356 schol.
1236 2322 1280 2363 Γ,
1310 2320 1447 2355 iunctis
1473 2321 1546 2365 (-us

198 2369 282 2414 Ra)
304 2368 357 2416 Θ
380 2380 425 2404 ex
448 2379 553 2405 versu
579 2371 625 2404 75
695 2369 759 2405 77.
782 2368 830 2404 78
854 2370 898 2405 ob
921 2381 995 2405 rem
1019 2367 1164 2405 Sacerd.
1181 2379 1332 2415 yramm.
1354 2368 1413 2404 VI
1425 2370 1546 2411 510‚8
