1586 2514
199 97 258 140 90
697 97 840 135 CARM.
867 99 918 142 111
937 103 968 136 9.
992 104 1045 137 10.

359 194 439 238 ‘me
461 200 595 239 torret
616 197 712 240 face
733 202 885 240 mutua

412 254 601 298 Thurini
627 255 773 299 Calais
798 255 926 299 filius
952 255 1126 311 Ornyti,

201 329 233 354 15
359 328 437 369 pro
457 329 542 370 quo
564 314 630 358 bis
650 315 794 371 patiar
815 315 938 367 mori,

410 372 448 416 si
469 379 646 429 parcent
666 389 799 431 puero
819 375 916 418 fata
935 375 1189 431 superstiti!

361 479 480 536 ‘quid
509 481 547 523 si
578 482 719 538 prisca
748 482 863 526 redit
890 482 1037 526 Venus

411 539 695 597 diductosque
724 542 830 599 iugo
860 542 978 598 cogit
1007 542 1172 585 aeneo?

358 598 395 642 si
418 598 538 641 flava
560 600 780 645 excutitur
801 601 937 645 Chloe

198 673 235 699 ρο
413 658 678 715 reiectaeque
705 667 825 716 patet
853 661 984 705 ianua
1011 660 1180 717 Lydiae
1196 660 1229 701 ’θ’

359 764 636 821 ‘quamquam
654 767 793 810 sidere
812 768 1002 824 pulcrior

411 824 488 867 ille
509 829 585 876 est,
610 830 658 868 tu
679 824 815 869 levior
835 828 991 871 cortice
1013 833 1055 871 et
1077 827 1259 884 inprobo

355 883 605 927 iracundior
633 884 828 929 Hadria:
881 918 883 922 -

412 948 553 986 tecum
575 943 718 987 vivere
741 960 893 997 amem,
919 952 1059 989 tecum
1084 945 1234 989 obeam
1258 944 1438 989 lubens!

838 1147 899 1190 ·X.

361 1228 619 1271 Extremum
644 1229 815 1274 Tanain
836 1231 874 1274 si
899 1231 1077 1283 biberes,
1104 1231 1233 1287 Lyce,

356 1301 480 1330 saevo
505 1292 643 1342 nupta
667 1289 773 1341 viro,
800 1305 867 1333 me
892 1296 1038 1334 tamen
1062 1305 1233 1347 asperas

358 1350 603 1402 porrectum
627 1353 728 1391 ante
753 1349 864 1392 foris
889 1349 1054 1392 obicere
1080 1349 1232 1392 incolis

409 1405 599 1461 plorares
620 1405 931 1462 Aquilonibus.

214 1527 232 1552 5
357 1511 496 1563 audis,
527 1525 613 1567 quo
643 1513 828 1568 strepitu
859 1514 1003 1566 ianua,
1035 1528 1120 1570 quo
1149 1528 1300 1557 nemus

356 1570 471 1614 inter
501 1569 652 1626 pulcra
681 1577 824 1615 satum
855 1579 967 1617 tecta
999 1573 1216 1629 remugiat

355 1629 495 1673 ventis
521 1634 564 1671 et
588 1629 751 1685 positas
777 1637 826 1674 ut
850 1632 1010 1688 glaciet
1035 1632 1152 1676 nives

407 1703 517 1745 puro
540 1688 718 1731 numine
743 1688 977 1746 Iuppiter?

357 1796 577 1852 ingratam
600 1794 758 1838 Veneri
782 1811 892 1851 pone
914 1799 1175 1854 superbiam,

199 1870 232 1895 10
358 1870 410 1898 ne
437 1859 634 1897 currente
660 1859 774 1897 retro
801 1855 924 1899 funis
951 1863 1021 1900 eat
1046 1863 1164 1901 rota:

356 1928 442 1957 non
470 1919 511 1956 te
539 1913 785 1968 Penelopen
812 1914 1054 1960 difficilem
1082 1917 1222 1973 procis

409 1972 660 2029 Tyrrhenus
684 1972 838 2027 genuit
862 1989 1027 2029 parens.

287 2077 513 2123 &2ABE
605 2075 785 2123 Θιιῑφ

288 2159 337 2195 20
363 2170 452 2204 -que
475 2160 524 2206 Q
540 2159 607 2207 Q,
638 2170 702 2194 -ne
727 2160 924 2197 Burmann
1067 2162 1114 2198 21
1150 2162 1382 2207 Quamquam
1405 2163 1454 2210 Q
1476 2164 1536 2211 Q,

194 2207 371 2250 Quamuis
404 2209 434 2242 Φ
577 2206 767 2252 pulchrior
791 2207 839 2253 Q
862 2208 928 2255 Q,
966 2209 1100 2246 clarior
1135 2211 1264 2246 lemma
1302 2211 1456 2255 Porph.;
1491 2212 1536 2255 cf.

195 2255 394 2348 Clamlzaeni
412 2258 472 2338 ΙαΙιῖ
484 2258 605 2338 Ιοαννη.
631 2305 666 2345 4,
681 2304 726 2338 13
750 2308 937 2347 comparat
960 2305 1094 2350 Porph.
1215 2304 1239 2339 6
1265 2306 1386 2340 satum
1410 2305 1459 2352 Q
1475 2306 1536 2353 Q,

191 2349 305 2385 situm
333 2351 364 2385 Φ
460 2348 483 2385 8
512 2350 605 2385 Puro
628 2350 677 2396 Q
693 2348 744 2396 Q
769 2350 915 2395 Porph„
939 2351 1040 2387 Duro
1066 2352 1219 2398 Bentley
