1586 2514
417 529 1049 598 OARMINVM

474 663 671 707 LIBER
698 662 999 718 QVARTVS.

711 784 747 826 Ι.

164 868 436 921 Intermissa,
464 869 623 920 Venus,
651 868 730 912 diu

219 944 369 973 rursus
396 928 511 973 bella
537 929 717 973 moves?
754 943 895 985 parce,
927 942 1089 984 precor,
1120 942 1281 983 precor.

165 1003 253 1033 non
273 1004 371 1032 sum
391 988 536 1046 qualis
557 1003 675 1032 eram
699 988 835 1031 bonae

217 1049 299 1092 sub
330 1063 466 1106 regno
497 1048 697 1093 Cinarae.
749 1048 911 1098 desine,
945 1047 1140 1090 dulcium

165 1179 306 1212 mater
329 1184 456 1212 saeva
482 1168 771 1225 Cupidinum,
1401 1182 1418 1206 5

220 1228 336 1272 circa
363 1228 502 1272 lustra
529 1228 675 1271 deceni
706 1227 886 1271 flectere
916 1227 1123 1270 mollibus

165 1287 256 1332 ism
284 1288 447 1332 durum
475 1287 698 1345 imperiis:
735 1287 823 1340 abi,

220 1363 308 1405 quo
333 1347 519 1392 blandae
543 1347 750 1391 iuvenum
777 1354 820 1391 te
847 1354 1049 1391 revocant
1074 1362 1232 1403 preces.

166 1469 470 1526 tempestivius
496 1469 546 1512 in
571 1468 751 1512 domum

221 1528 353 1572 Pauli
386 1529 619 1586 purpureis
650 1528 739 1572 ales
772 1528 965 1571 oloribus
1384 1542 1418 1568 ιο

167 1588 452 1632 comissabere
480 1588 689 1641 Maximi,

219 1648 259 1693 si
288 1654 451 1692 torrere
479 1648 600 1692 iecur
626 1649 800 1706 quaeris
831 1648 1060 1701 idoneu1n;

167 1784 355 1826 namque
379 1774 422 1812 et
445 1768 607 1812 nobilis
630 1775 674 1812 et
697 1769 849 1811 decens

221 1833 265 1872 et
291 1843 372 1886 pro
397 1828 602 1872 sollicitis
629 1843 718 1872 non
745 1828 906 1872 tacitus
934 1828 1019 1871 reis

167 1894 212 1932 et
237 1895 413 1932 centum
440 1904 548 1945 puer
575 1888 739 1932 artium
1386 1903 1418 1928 15

220 1948 310 1992 late
333 1948 464 2005 signa
489 1948 604 1991 feret
630 1948 819 1991 militiae
846 1955 948 1991 tuae
1280 1958 1282 1960 '

155 2065 376 2113 fflzABc
467 2065 650 2113 &aas

158 2172 200 2221 4,
220 2173 241 2210 1
281 2172 305 2209 2
329 2185 440 2210 mm
464 2175 506 2210 in
530 2185 638 2210 usmn
663 2175 837 2211 convertit
857 2174 1032 2210 Heme-us
1055 2175 1118 2210 vit.
1142 2172 1262 2209 Germ.
1283 2176 1318 2216 4,
1338 2175 1423 2209 376.

62 2224 139 2259 382
246 2197 273 2258 ᾗ
298 2221 451 2258 domum
527 2250 536 2266 ,
569 2221 679 2258 domo
703 2222 752 2269 Q
852 2222 903 2258 10
927 2221 1126 2268 purpureis
1151 2220 1230 2256 ales
1256 2219 1424 2256 oloribus

62 2270 106 2307 ob
129 2280 341 2317 purpureus
366 2270 475 2315 affert
537 2281 590 2306 rv.
604 2271 697 2306 Aen.
718 2274 753 2315 1,
772 2274 843 2307 591
934 2269 1133 2316 purpureis
1151 2269 1201 2316 Q
1216 2268 1268 2317 Θ
1286 2268 1423 2314 Porph.

67 2317 182 2363 Serum
207 2318 251 2354 de
275 2318 458 2364 porphyr-
484 2319 525 2354 in
545 2318 683 2355 Bzand.
703 2319 805 2356 codd.
827 2323 993 2365 nuyatur
1013 2318 1200 2363 Gruqut'us
1286 2317 1332 2352 11
1362 2328 1424 2352 co-

65 2365 298 2413 mis(s)sbere
322 2366 372 2414 Q
393 2366 461 2415 Q,
488 2366 715 2402 comitabere
744 2369 775 2403 Φ

1161 2426 1207 2461 8.
