1586 2514
433 4 445 30 l

608 95 756 133 EPIST.
781 96 816 133 11
835 100 866 132 2.
1332 96 1418 138 301

4 203 10 210 ”
62 194 240 253 singula
266 194 321 239 de
347 194 474 240 nobis
499 194 607 240 anni
636 194 904 252 praedantur
930 200 1106 239 euntes:
1381 210 1417 237 55

11 272 14 286 ⁴
61 254 260 312 eripuere
282 254 413 308 iocos,
438 270 651 308 venerem,
678 255 890 307 convivia,
918 254 1097 308 ludum;

61 313 249 358 tendunt
265 320 522 373 extorquere
539 320 765 373 poemata:
790 314 901 372 quid
919 314 1084 358 faciam
1102 314 1203 358 vis?

62 372 252 431 denique
275 389 365 419 non
389 371 537 420 omnes
562 374 713 419 eadem
741 374 960 418 mirantur
983 379 1232 431 amantque.

61 433 253 477 carmine
278 439 328 478 tu
349 434 533 492 gaudes,
561 434 633 478 hic
659 434 900 479 delectatur
926 434 1099 486 iambis,

62 492 138 536 ille
164 492 344 538 Bioneis
369 494 640 539 sermonibus
665 499 709 538 et
734 494 822 538 sale
847 494 990 552 nigro.
1379 508 1416 536 oo

61 550 148 597 tres
179 553 291 597 mihi
323 555 528 599 convivae
559 569 694 612 prope
726 554 958 598 dissentire
990 553 1194 598 videntur

60 619 283 670 poscentes
308 615 431 659 vario
459 615 650 659 multum
678 614 850 658 diversa
878 615 1039 672 palato.

58 672 168 730 quid
185 673 285 717 dem
301 674 320 716 Ρ
336 674 447 732 quid
463 689 552 719 non
569 675 668 719 dem
684 675 703 716 Ρ
720 675 868 718 renuis
884 675 1001 731 quod
1012 680 1075 727 tu,
1088 675 1211 718 iubet
1221 675 1331 718 alter
1345 690 1353 727 ;

60 732 177 789 quod
205 733 334 790 petis,
365 733 412 777 id
441 749 544 778 sane
573 740 639 778 est
666 734 858 778 invisum
888 734 1148 791 acidumque
1178 734 1360 777 duobus.

60 797 232 848 praeter
261 799 403 838 cetera
432 809 501 838 me
531 794 754 837 Romaene
785 800 987 851 poemata
1018 810 1162 838 censes
1381 810 1416 835 er,

58 851 247 896 scribere
271 868 394 910 posse
419 853 536 898 inter
561 859 628 898 tot
654 869 778 897 curas
804 859 956 910 totque
982 854 1184 897 labores?

61 911 132 954 hic
157 926 367 969 sponsum
394 919 533 966 vocat,
564 913 634 957 hic
664 913 868 957 auditum
898 914 1061 971 scripta
1091 913 1255 957 relictis

61 971 264 1016 omnibus
293 969 490 1027 officiis;
528 972 660 1017 cubat
689 973 758 1017 hic
788 973 837 1017 in
867 973 975 1017 colle
1004 973 1199 1029 Quirini,

61 1030 132 1074 hio
159 1037 355 1076 extremo
382 1033 432 1077 in
459 1033 698 1085 Aventino,
728 1032 933 1076 visendus
962 1039 1167 1090 uterque;

60 1090 294 1135 intervalla
321 1092 442 1137 vides
471 1092 660 1137 humane
689 1093 929 1137 commoda.
972 1093 1134 1137 ‘verum
1383 1107 1418 1135 το

60 1165 196 1207 purae
224 1157 331 1195 sunt
361 1151 545 1209 plateae,
578 1152 694 1196 nihil
728 1158 778 1196 ut
810 1153 1128 1197 meditantibus
1161 1153 1330 1197 obstet’.

61 1210 247 1254 festinat
274 1211 443 1256 calidus
470 1211 604 1256 mulis
631 1212 883 1269 gerulisque
912 1212 1173 1270 redemptor,

61 1275 236 1327 torquet
259 1286 374 1315 nuno
395 1271 603 1329 lapidem,
627 1288 743 1316 nunc
767 1273 923 1329 ingens
947 1273 1149 1316 machina
1173 1273 1361 1330 tignum,

61 1329 209 1373 tristia
233 1331 424 1375 robustis
447 1332 672 1376 luctantur
697 1332 856 1376 funera
882 1332 1105 1390 plaustris,

61 1389 140 1432 hac
166 1390 338 1434 rabiosa
363 1391 489 1449 fugit
513 1392 647 1444 canis,
677 1392 754 1435 hac
781 1392 1002 1436 lutulenta
1028 1394 1120 1436 ruit
1145 1409 1241 1437 sus:
1383 1409 1416 1435 75

60 1448 77 1491 i
105 1465 220 1493 nunc
246 1456 292 1493 et
317 1466 465 1495 versus
493 1457 636 1495 tecum
665 1452 877 1495 meditare
903 1468 1095 1496 canoros.

58 1509 323 1565 scriptorum
341 1510 496 1555 chorus
513 1511 656 1555 omnis
673 1518 794 1555 amat
812 1527 964 1555 nemus
983 1519 1026 1555 et
1044 1513 1168 1570 fugit
1186 1513 1361 1564 Vrbem,

61 1568 146 1611 rite
176 1569 311 1613 cliens
345 1570 506 1614 Bacchi
536 1586 688 1614 somno
720 1571 955 1628 gaudentis
988 1579 1031 1616 et
1063 1572 1242 1616 umbra:

61 1633 111 1671 tu
140 1644 209 1672 me
237 1629 355 1673 inter
381 1631 593 1688 strepitus
623 1637 856 1674 nocturnos
886 1638 1017 1688 atque
1047 1633 1227 1676 diurnos

61 1687 126 1731 vis
151 1703 303 1732 canere
329 1695 372 1732 et
397 1695 595 1734 contacta
621 1691 743 1747 sequi
770 1691 958 1748 vestigia
984 1693 1170 1735 vatum?
1382 1709 1417 1734 80
1446 1726 1449 1727 ν

155 1793 323 1840 ΘιαΕ
415 1794 599 1843 ΘεΒΦ

156 1888 206 1926 57
233 1888 371 1926 faciam
398 1889 457 1925 uis
480 1890 530 1937 Θ
545 1889 597 1938 Θ
620 1891 747 1936 Porph
759 1918 771 1935 ,
795 1891 979 1928 faciamus
1007 1893 1112 1930 Goth.
1133 1905 1156 1933 ς
1249 1893 1300 1929 68
1326 1893 1427 1940 quod

61 1937 105 1971 tu
127 1935 195 1984 Q,
220 1938 263 1973 tu
288 1937 390 1983 quod
414 1937 494 1985 (915
586 1937 636 1974 '70
660 1939 878 1986 human(a)e
900 1940 950 1988 Q)
966 1940 1018 1988 Q
1038 1941 1177 1976 Blamd.
1199 1942 1334 1988 Porph.
1362 1944 1426 1987 (cf.

61 1987 95 2020 et
118 1985 225 2021 schol.
245 1985 392 2032 PEV),
417 1986 519 2022 haud
544 1996 635 2022 sane
654 1986 848 2024 Froehlich
924 1988 970 2024 71
992 1999 1075 2025 cum
1093 1989 1258 2026 lemmate
1275 1988 1428 2035 plateae

60 2033 225 2078 exempla
257 2034 372 2070 Vatic.
398 2036 474 2070 238
594 2033 711 2070 Purae
742 2035 791 2082 Q)
816 2036 990 2081 (Bland.)
1024 2037 1162 2082 Porph.
1190 2039 1256 2081 (ad
1290 2049 1322 2074 v.
1351 2041 1427 2082 75),

61 2079 197 2116 Plurae
222 2080 260 2118 R
284 2082 431 2127 (lemma
455 2082 628 2128 Por-ph),
653 2082 782 2119 Plures
811 2085 842 2118 Φ
935 2083 984 2120 '25
1010 2089 1123 2121 totum
1150 2086 1193 2122 ob
1218 2085 1295 2121 ruit
1320 2087 1428 2131 affert

62 2127 162 2165 Don.
191 2128 272 2165 Ter.
299 2130 440 2176 adelph.
467 2133 508 2175 3,
526 2132 568 2174 2,
587 2132 636 2166 21
669 2133 773 2176 (319)
782 2133 807 2176 ,‘
831 2131 903 2167 hac
939 2132 964 2167 1.
990 2144 1018 2168 r.
1046 2144 1108 2168 sus
1145 2134 1241 2170 idem
1275 2135 1319 2170 ob
1351 2134 1428 2170 ruit

61 2175 203 2222 adelph.
223 2179 260 2221 4,
277 2180 314 2222 2,
335 2181 379 2214 11
407 2180 537 2223 (550)‚·
572 2179 620 2223 cf.
645 2181 786 2215 Ancon.
808 2182 893 2224 399,
911 2181 961 2216 25
997 2181 1102 2218 Lact.
1123 2183 1207 2218 inst.
1229 2185 1268 2226 3,
1289 2185 1332 2226 8,
1352 2185 1375 2221 9

61 2223 163 2270 fugit
185 2224 235 2272 Θ
250 2225 302 2274 Θ
327 2226 522 2272 (Aaron),
547 2225 640 2262 furit
664 2239 686 2266 ς
771 2227 816 2263 77
844 2227 974 2264 urbem
999 2229 1216 2276 QPorph.,
1242 2230 1352 2266 urbes
1377 2230 1428 2278 Q

63 2270 116 2308 8⁰
146 2275 320 2310 contacta
349 2274 399 2321 (i)
421 2273 472 2323 Θ
502 2274 638 2321 Por-ph.
673 2276 713 2317 (i.
739 2276 845 2313 schol.
874 2278 909 2312 Γ
936 2289 976 2323 p.
1002 2280 1092 2322 300,
1114 2280 1198 2323 18),
1235 2280 1430 2314 contracta

63 2319 153 2364 Ες,·
183 2319 232 2357 Et
257 2323 345 2357 cont
375 2322 511 2370 r>acta
536 2334 564 2358 s.
584 2333 621 2358 u.
641 2334 677 2358 u.
703 2322 844 2370 legitur
869 2326 908 2360 et
933 2325 1162 2373 cont[r]acta
1188 2327 1249 2363 Pe.
1270 2326 1429 2371 Porph.;

62 2369 217 2404 contest-a
244 2370 319 2407 1310
375 2396 396 2414 .,
423 2371 602 2406 cunctata
629 2370 774 2407 ‘Numa
796 2372 936 2416 codeoe’,
962 2384 1036 2408 non
1062 2375 1168 2409 taeta
1195 2375 1350 2421 Bentley
