1586 2514
586 76 812 113 PRAEFA
820 77 875 112 TI
876 76 916 112 Ο.
1358 80 1437 120 VII

131 180 280 220 indices
299 182 335 220 et
350 180 475 230 fastos
491 179 582 218 huic
601 179 760 219 editioni
778 178 875 217 addi
890 179 1036 217 similes
1049 178 1183 227 quales
1202 178 1253 218 L.
1265 178 1439 217 Mueller

73 242 282 282 curaverat
311 252 399 280 cum
430 239 648 289 bybliopola
677 238 977 278 liberalissimus
1006 237 1134 284 vellet,
1164 238 1324 278 libenter
1356 239 1439 278 eius

73 301 265 341 voluntati
289 301 564 350 obtemperavi,
598 310 837 348 quamquam
861 298 1040 338 videbam
1063 310 1134 338 nec
1156 299 1281 348 fastos
1304 299 1437 339 Fran-

42 352 44 354 *
73 362 261 402 kenianos
297 361 409 400 hodie
443 362 615 409 oportere
650 359 772 408 repeti
800 369 871 397 nec
901 359 1087 398 Muelleri
1117 358 1165 398 de
1200 370 1375 398 sermone
1406 362 1439 398 et

67 421 260 472 prosodia
283 421 439 461 collecta
462 420 544 459 ullo
568 419 680 458 modo
705 419 898 468 sufficere.
948 430 1052 458 nova
1075 420 1196 468 iyitur
1221 422 1334 459 erant
1351 431 1438 458 con·

75 481 292 528 scribenda,
316 492 483 530 quorum
507 481 679 519 rationes
704 481 739 518 et
762 478 883 518 doctis
900 479 1113 528 probatum
1137 480 1190 518 iri
1209 482 1243 519 et
1261 479 1439 519 discenti-

75 541 148 581 bus
178 541 291 581 utiles
321 542 407 590 fore
436 551 571 589 swerd·
608 538 726 579 simul
749 539 905 578 veniam
927 541 1018 588 peto
1043 540 1079 579 si
1106 539 1201 587 quid
1217 542 1351 589 primo
1376 540 1438 579 de-

60 605 194 641 cursu
211 613 288 652 per
311 601 512 640 materiem
534 601 692 639 variam
715 610 820 638 meos
850 600 980 638 oculos
1009 601 1123 650 [πρῖε.
1172 603 1382 640 metrorwm
1407 603 1441 639 et

73 673 253 702 versuom
287 662 483 701 schemata
522 672 583 699 me
619 659 841 709 depinaeisse
878 659 932 698 ad
976 671 1022 699 ea
1059 671 1160 708 quae
1202 672 1228 699 a
1273 660 1441 700 Christio

75 721 389 771 Kiesslinqioque
411 721 621 761 didicimus
644 731 792 770 moneo,
817 720 913 767 quia
930 732 1013 769 par
1032 723 1087 759 est
1102 720 1241 759 horum
1266 723 1441 760 virorum

75 783 240 822 nomina
262 782 338 821 hac
359 783 406 822 in
427 792 472 821 re
494 780 668 820 laudari.

165 842 235 882 sed
275 842 371 883 haec
410 842 607 881 hactenus.
671 842 786 890 ⁵arato
830 842 963 880 animo
1006 844 1122 881 testor
1163 854 1224 881 me
1267 843 1442 881 comitem

74 903 260 943 habuisse
294 903 339 942 in
372 914 417 942 re
447 902 579 943 ardua
610 904 645 940 et
678 901 873 940 interdum
903 901 1151 951 desperanda
1181 903 1312 942 virum
1344 903 1441 941 arm)-

77 963 295 1009 cissimum,
319 964 477 1012 quicum
500 964 584 1002 iam
607 959 779 1001 Aemam
807 964 1011 1011 temptasse
1035 961 1263 1002 dulcissima
1289 965 1345 1002 est
1367 975 1443 1002 me-

76 1025 216 1073 moria,
239 1022 460 1073 Siyfridwm
483 1020 683 1062 SVDHA
693 1020 766 1062 VS.
814 1022 882 1062 ille
905 1025 1027 1062 totum
1051 1022 1266 1062 Horatium
1293 1034 1443 1063 mecum

71 1084 248 1134 perleyit,
265 1083 457 1133 playulas
481 1083 730 1133 maculavit,
755 1083 967 1122 utilissima
992 1083 1198 1123 admonuit
1221 1086 1254 1122 et
1279 1084 1445 1123 adnota-

72 1144 143 1186 vit.
192 1144 309 1183 etiam
336 1142 460 1183 Oscar
484 1142 623 1193 HEY,
648 1143 864 1191 aliquando
883 1142 992 1192 apud
1019 1143 1265 1183 Thesaurum
1295 1144 1445 1184 sodalis

78 1203 219 1253 fidelis,
242 1205 398 1254 roganti
421 1204 638 1243 iucundum
663 1203 829 1252 utileque
854 1203 1049 1243 auxilium
1068 1205 1156 1243 tulit
1173 1216 1247 1253 quo
1267 1204 1446 1244 emenda-

81 1265 158 1303 tior
180 1263 334 1313 leyatur
357 1263 564 1304 Horatius.

171 1323 496 1364 FRIDERIOO
508 1325 639 1363 autem
649 1323 767 1363 LEO
778 1335 939 1363 sacrum
959 1335 1039 1363 esse
1057 1324 1164 1363 volui
1180 1325 1284 1364 hunc
1302 1324 1446 1365 librum

83 1395 172 1423 cwm
190 1386 354 1434 propter
376 1384 667 1424 inenarrabilia
692 1395 792 1433 quae
816 1383 936 1423 latere
961 1385 1081 1430 decet,
1108 1387 1190 1424 twm
1214 1396 1263 1424 ne
1286 1386 1447 1425 inhono-

80 1447 172 1484 rata
203 1445 339 1485 litteris
368 1444 680 1494 praeter-volaret
707 1446 896 1484 memoria
927 1445 1036 1484 illius
1070 1445 1165 1491 diei,
1202 1457 1277 1495 quo
1314 1446 1448 1485 docere

82 1505 206 1554 coepit
228 1506 297 1554 qui
321 1507 374 1545 tot
397 1507 507 1545 tanta
532 1506 716 1545 deotemus
741 1508 835 1545 erat.

175 1603 410 1651 scripseram
434 1602 599 1642 Monaci
622 1602 676 1642 id.
702 1601 806 1652 Auy.
833 1615 869 1642 α.
899 1603 1026 1642 1905.

173 1663 436 1702 retractabam
458 1663 602 1702 ibidem
628 1663 671 1701 X
694 1662 771 1702 kal.
797 1663 922 1702 Mart.
949 1676 986 1703 a.
1010 1665 1135 1703 1907.

265 1877 599 1918 PRAEFATIO
624 1879 932 1919 EDITIONIS
953 1879 1260 1921 ALTERIVS.

174 1987 270 2027 haec
305 1988 431 2027 altera
463 1987 577 2027 editio
609 1988 739 2028 eodem
768 1990 908 2028 nititur
937 1989 1193 2039 fundamento
1224 2001 1298 2039 quo
1322 1991 1450 2040 prior.

85 2059 210 2096 neque
227 2048 331 2087 enim
345 2050 390 2087 ut
401 2047 637 2087 destruerem
648 2049 750 2098 quod
762 2052 853 2089 amte
871 2050 1019 2098 aliquot
1038 2061 1163 2089 annos
1183 2054 1451 2090 caestruxeram

87 2119 149 2148 me
178 2110 381 2148 moverunt
416 2109 485 2157 qui
511 2111 647 2157 postea
679 2108 726 2148 de
754 2111 852 2160 fatis
888 2112 1109 2149 carminum
1137 2110 1450 2150 Horatianorum

1 2215 3 2217 ¹
87 2167 375 2208 disseruerunt:
398 2179 434 2207 v.
458 2168 634 2208 Hermae
657 2170 730 2208 vol.
752 2170 808 2209 45
834 2169 992 2219 (1910)
1011 2183 1055 2220 p.
1079 2173 1165 2210 470
1190 2174 1294 2211 nota.

176 2228 307 2277 itaqtie
340 2230 403 2268 sat
431 2229 553 2268 habui
583 2230 742 2279 sinyula
773 2233 905 2270 errata
931 2233 1121 2281 corriqere
1151 2234 1265 2280 atque
1288 2232 1350 2271 hic
1372 2232 1453 2271 illic

88 2289 244 2328 cautius
279 2289 327 2327 de
363 2289 562 2339 archetypi
600 2293 670 2328 aut
706 2292 1023 2340 apoyraphorum
1063 2292 1221 2331 lectione
1262 2293 1453 2332 iudicium

1 2362 5 2366 ·
82 2349 276 2397 proferre.
