1586 2514
181 100 268 144 296
725 104 871 140 Ems'r.
897 104 930 139 11
951 109 968 140 1

251 200 416 244 indocti
437 201 674 259 stolidique
697 208 740 246 et
757 202 1008 259 depugnare
1030 204 1187 260 parati,

180 274 230 301 186
247 259 285 302 si
310 259 527 304 discordet
550 276 691 317 eques,
718 262 860 305 media
883 262 999 306 inter
1022 263 1214 308 carmina
1237 270 1420 320 poscunt

247 324 325 362 aut
347 335 495 363 ursum
516 326 594 363 aut
614 321 810 377 pugiles:
839 321 908 364 his
929 337 1030 365 nam
1052 322 1274 379 plebecula
1294 324 1468 380 gaudet.

247 393 397 421 verum
418 379 578 435 equitis
599 381 769 436 quoque
790 380 878 423 iam
899 381 1108 438 migravit
1126 382 1182 426 ab
1203 397 1306 426 aure
1324 383 1523 441 voluptas

249 437 389 480 omnis
415 438 470 481 ad
498 438 683 482 incertos
710 439 854 483 oculos
880 445 924 483 et
949 440 1112 497 gaudia
1137 456 1260 485 vana.

248 502 456 551 quattuor
484 503 560 540 aut
588 497 732 553 plures
761 498 913 542 aulaea
941 506 1197 556 premuntur
1225 500 1274 545 in
1302 500 1451 554 horas,

180 569 231 596 190
250 555 355 598 dum
378 556 564 612 fugiunt
585 557 783 613 equitum
807 563 975 602 turmae
997 559 1279 616 peditumque
1300 565 1515 614 catervae;

250 629 350 657 mox
376 614 567 658 trahitur
592 616 794 660 manibus
819 632 971 673 regum
997 618 1177 662 fortuna
1201 619 1390 672 retortis,

250 674 395 717 esseda
421 674 649 726 festinant,
679 675 857 732 pilenta,
888 677 1112 733 petorrita,
1141 693 1282 730 naves,

251 733 468 789 captivom
493 740 693 791 portatur
718 735 837 788 ebur,
865 737 1037 793 captiva
1064 736 1312 782 Corinthus.

249 792 286 835 si
313 793 430 836 foret
456 793 505 836 in
532 794 672 845 terris,
702 794 862 838 rideret
890 795 1180 849 Democritus,
1209 812 1284 841 seu

146 886 148 888 .
180 866 230 893 19⁶
250 851 470 895 divorsum
500 853 681 897 confusa
710 869 846 911 genus
876 855 1085 911 panthera
1115 856 1277 900 camelo

249 911 338 953 sive
368 911 571 968 elephans
601 912 724 956 albus
754 914 872 970 volgi
905 920 1168 959 converteret
1198 930 1294 969 ora;

247 975 461 1026 spectaret
488 972 698 1028 populum
726 972 842 1016 ludis
870 974 1080 1017 attentius
1108 974 1228 1031 ipsis,

251 1034 299 1072 ut
323 1029 410 1072 sibi
437 1030 714 1086 praebentem
741 1033 875 1075 mimo
902 1034 1143 1089 spectacula
1170 1034 1309 1090 plura,

248 1088 479 1145 scriptores
504 1096 650 1133 autem
678 1106 851 1135 narrare
878 1098 1051 1148 putaret
1078 1092 1209 1136 asello

179 1162 234 1189 200
252 1147 461 1191 fabellam
489 1149 632 1192 surdo.
672 1166 773 1193 nam
799 1166 911 1207 quae
940 1151 1185 1207 pervincere
1212 1167 1334 1196 voces

250 1206 444 1250 evaluere
462 1222 629 1259 sonum,
650 1209 847 1252 referunt
863 1225 992 1265 quem
1011 1216 1158 1254 nostra
1177 1211 1379 1256 theatra?

250 1264 507 1322 Garganum
529 1267 699 1323 mugire
721 1274 846 1324 putes
868 1285 1018 1313 nemus
1040 1275 1116 1313 aut
1138 1286 1255 1315 mare
1278 1270 1490 1315 Tuscum:

250 1330 373 1368 tanto
402 1341 499 1369 cum
527 1327 715 1383 strepitu
745 1327 839 1371 ludi
870 1335 1118 1385 spectantur
1146 1335 1190 1373 et
1218 1335 1332 1374 artes

250 1384 515 1441 divitiaeque
543 1386 809 1443 peregrinae,
839 1387 998 1443 quibus
1027 1388 1187 1432 oblitus
1214 1395 1333 1433 actor

178 1458 232 1485 205
251 1458 348 1486 cum
372 1444 497 1487 stetit
522 1445 570 1488 in
595 1460 759 1497 scaena,
785 1448 1004 1490 concurrit
1030 1447 1205 1492 dextera
1230 1448 1385 1493 laevae.

250 1502 380 1546 'dixit
399 1503 539 1548 adhuc
558 1504 729 1561 aliquid
745 1505 778 1547 ?'
808 1505 886 1549 ‘nil
905 1506 1037 1550 sane.'
1067 1506 1185 1564 ‘quid
1205 1507 1347 1564 placet
1367 1524 1469 1566 ergo
1484 1509 1518 1550 ?’

250 1561 363 1605 ‘lana
390 1563 628 1607 Tarentino
652 1564 788 1608 violas
815 1565 990 1610 imitata
1016 1566 1207 1610 veneno.’

250 1637 298 1664 ac
321 1638 374 1665 ne
398 1623 514 1666 forte
538 1629 662 1679 putes
688 1639 768 1676 me,
793 1640 904 1681 quae
928 1626 1070 1669 facere
1093 1626 1186 1683 ipse
1209 1642 1410 1680 recusem,

268 1738 433 1784 (Dan
524 1739 705 1787 &aas

271 1832 347 1869 186
381 1834 523 1879 gaudet
551 1835 600 1882 Q)
632 1835 770 1871 Bland.
798 1838 987 1882 (Por-ph),
1020 1837 1177 1884 plaudet
1203 1839 1279 1875 ΒΦ
1314 1842 1445 1882 (ortum
1480 1841 1522 1875 ob
1552 1850 1570 1857 “

175 1880 293 1925 pleb-)
377 1880 451 1917 188
483 1882 642 1917 incertos
672 1883 720 1930 (D
743 1883 794 1938 ᾧ
820 1885 971 1929 ΡονρῙι.,
1001 1884 1162 1921 incestos
1189 1887 1435 1934 Cuninqham,
1465 1887 1522 1922 in-

174 1927 290 1964 lectos
315 1929 412 1965 Riihl
532 1929 605 1965 192
639 1933 822 1975 petorrita
846 1936 999 1968 testatur
1025 1933 1148 1979 Quint.
1169 1934 1251 1970 inst.
1274 1937 1313 1977 1,
1333 1937 1372 1978 5,
1393 1937 1450 1978 57,
1476 1936 1521 1979 cf.

173 1979 241 2011 sat.
264 1979 296 2019 1,
310 1979 343 2018 6,
357 1980 427 2012 104
495 1975 570 2013 194
595 1988 676 2013 cum
702 1979 863 2015 lemmate
881 1979 1112 2015 Democritus
1137 1982 1298 2027 exempla
1317 1982 1431 2018 Vatis.
1450 1984 1522 2018 234

178 2022 384 2059 194—196
416 2025 458 2060 ob
489 2025 570 2067 sem.
596 2025 781 2070 panthera
805 2027 922 2063 Prisc.
950 2029 991 2071 5,
1010 2030 1033 2063 7
1056 2039 1097 2074 p.
1125 2031 1211 2072 144,
1230 2031 1296 2072 21,
1320 2029 1404 2065 item
1430 2028 1521 2065 195.

176 2069 251 2105 196
278 2073 311 2113 5,
324 2073 373 2107 23
391 2083 431 2116 p.
453 2075 535 2115 156,
547 2074 582 2115 8,
601 2073 684 2108 item
705 2073 779 2109 195
800 2077 834 2117 6,
846 2076 899 2110 27
918 2086 957 2119 p.
977 2077 1063 2119 218,
1078 2078 1143 2120 14;
1169 2075 1243 2111 195
1263 2087 1344 2112 cum
1363 2077 1522 2113 lemmate

174 2118 332 2162 pantera
351 2120 514 2164 eoeempla
535 2120 648 2156 Vatic.
661 2122 735 2157 235
754 2121 885 2158 Micon
903 2125 979 2158 276
1051 2122 1127 2159 196
1152 2124 1384 2159 conuerteret
1400 2123 1522 2172 (DQ,

176 2166 400 2201 conuerterit
420 2166 536 2210 (codd.
553 2167 741 2203 Prisciani
758 2169 918 2214 plurimi
942 2170 1114 2206 ambobus
1131 2171 1233 2215 locis)
1308 2170 1382 2206 198
1406 2171 1520 2206 mimo

179 2214 209 2247 Φ
223 2213 376 2258 ΡονΡῙι.,
401 2213 516 2249 nimio
541 2214 671 2261 (DRw
689 2216 827 2251 Bland.
938 2216 1015 2252 200
1040 2217 1151 2252 surdo
1175 2218 1223 2265 (ᾔ
1239 2217 1290 2265 (ᾧ
1312 2219 1418 2255 schol.
1440 2219 1520 2262 PV,

176 2262 243 2295 aut
275 2261 387 2296 surdo
422 2261 467 2296 L.
495 2262 633 2298 Maller
751 2262 828 2299 202
863 2265 905 2300 ob
938 2264 1083 2310 mugire
1117 2266 1278 2310 exempla
1309 2266 1424 2302 Vatis.
1451 2268 1522 2302 120

175 2306 251 2342 205
277 2307 437 2352 l(a)euae
461 2309 524 2356 Q),
551 2308 688 2354 l(a)eua
711 2310 762 2358 (ᾧ
785 2323 830 2347 em
857 2313 917 2348 Ps.
940 2312 1073 2357 Porph.
1093 2324 1131 2358 p.
1153 2315 1242 2356 386,
1262 2316 1282 2348 1
1362 2312 1436 2350 207
1463 2314 1519 2349 te-

173 2355 319 2391 rentino
344 2356 446 2391 aRu
518 2356 666 2393 imitata
690 2358 738 2404 Q)
754 2358 820 2406 ᾧ),
846 2359 995 2395 imitare
1023 2361 1053 2394 Φ
