1586 2514
169 97 224 139 10
695 99 840 136 CARM.
860 101 876 136 I
897 106 927 138 1.
948 106 982 139 2.

323 195 474 240 laudat
497 213 597 240 rura
620 198 712 250 sui;
743 214 843 242 mox
868 200 1018 243 reficit
1041 208 1153 244 rates

323 270 497 311 quassas
523 257 727 300 indocilis
756 259 1007 314 pauperiem
1034 260 1140 316 pati.

322 319 386 357 est
409 315 486 370 qui
513 331 588 358 nee
610 316 767 359 veteris
792 317 946 372 poeula
969 318 1150 362 Massici

162 386 198 414 20
322 388 398 416 nec
419 380 586 430 partem
607 375 747 418 solido
767 375 936 419 demere
957 376 1010 419 de
1031 377 1102 420 die

319 456 500 512 spernit,
522 472 635 500 nune
656 458 790 500 viridi
812 458 1003 502 membra
1024 459 1103 502 sub
1125 460 1279 505 arbuto

319 520 495 567 stratus,
525 531 637 558 nunc
667 516 722 559 ad
750 532 885 572 aquae
913 517 1007 561 lene
1037 525 1166 574 eaput
1192 535 1348 564 sacrae.

322 573 481 617 multos
501 580 639 617 castra
661 574 813 618 iuvant
832 581 875 618 et
894 576 1006 619 lituo
1028 577 1156 620 tubae

320 633 562 688 permixtus
584 633 751 677 sonitus
775 633 972 691 bellaque
993 636 1206 680 matribus

161 728 195 756 26
320 715 544 761 detestata.
578 723 725 760 manet
749 717 828 760 sub
853 718 954 761 Iove
978 718 1148 776 frigido

318 780 495 818 venator
516 781 684 819 tenerae
705 777 903 833 coniugis
923 778 1147 831 inmemor,

316 849 391 876 seu
423 834 516 877 visa
548 840 612 877 est
643 835 800 878 catulis
833 852 955 880 cerva
988 837 1199 881 fidelibus

316 908 391 936 seu
414 893 536 949 rupit
560 899 713 937 teretes
735 895 909 939 Marsus
932 911 1034 952 aper
1057 897 1220 954 plagas.

318 990 386 1018 me
403 975 628 1019 doctarum
649 977 829 1020 hederae
848 978 1039 1033 praemia
1059 979 1277 1023 frontium

158 1046 195 1075 30
319 1034 386 1077 dis
408 1035 590 1078 miscent
612 1036 792 1092 superis,
817 1052 884 1080 me
905 1037 1102 1094 gelidum
1125 1054 1274 1083 nemus

319 1093 713 1151 Nympharumque
727 1095 839 1138 leves
856 1111 953 1139 eum
971 1096 1142 1153 Satyris
1160 1098 1279 1141 chori

315 1159 544 1196 secernunt
558 1153 733 1210 populo,
751 1154 789 1197 si
804 1170 941 1211 neque
959 1155 1092 1200 tibias

319 1234 509 1290 Euterpe
536 1235 708 1278 cohibet
737 1251 813 1279 nee
840 1236 1136 1293 Polyhymnia

316 1292 533 1337 Lesboum
561 1294 732 1351 refugit
764 1295 936 1339 tendere
964 1295 1180 1341 barbiton.

156 1365 191 1394 3⁶
316 1353 470 1408 quodsi
493 1368 560 1396 me
584 1353 735 1409 lyricis
755 1355 928 1399 vatibus
951 1355 1123 1409 inseres,

314 1411 493 1454 sublimi
514 1413 673 1456 feriam
694 1413 835 1457 sidera
852 1415 1023 1458 vertice.

793 1591 856 1634 II.

316 1671 411 1714 Iam
435 1672 541 1716 satis
570 1673 696 1717 terris
721 1674 835 1717 nivis
860 1680 989 1731 atque
1016 1675 1135 1719 dirae

310 1731 541 1787 grandinis
557 1733 680 1775 misit
698 1733 830 1776 Pater
845 1740 887 1776 et
904 1734 1084 1778 rubente

312 1790 488 1833 dextera
516 1806 657 1834 sacras
689 1792 903 1836 iaculatus
932 1794 1041 1836 areis

418 1850 575 1893 terruit
594 1850 766 1902 Vrbem,

244 1939 470 1986 (13:ABE
561 1941 741 1989 &3:34⁵

246 2009 296 2046 24
315 2010 413 2046 bella
427 2032 471 2038 -
486 2011 673 2047 detestata
686 2014 729 2049 ob
736 2014 926 2058 passivum
933 2015 1077 2060 profert
1085 2016 1200 2051 Prisc.
1209 2017 1247 2058 8,
1261 2017 1307 2050 19
1313 2026 1356 2061 p.
1364 2017 1449 2059 385,
1457 2017 1493 2058 8,

150 2058 193 2093 ob
205 2062 350 2094 sentent.
371 2059 475 2094 schol.
491 2059 582 2095 Stat.
602 2061 710 2095 Theb.
726 2063 759 2104 3,
773 2063 846 2096 377
918 2060 968 2096 25
989 2062 1176 2097 detestata
1193 2062 1242 2109 (D
1259 2061 1309 2110 (ᾧ
1328 2063 1493 2107 (Pr-im),

150 2104 373 2140 detestanda
393 2117 414 2144 ς
441 2107 562 2149 (schol.
583 2107 691 2151 Stat.)
760 2109 886 2143 manet
899 2128 942 2134 —
957 2108 1151 2144 immemor
1163 2113 1314 2154 propter
1330 2108 1415 2145 Iove
1433 2120 1493 2146 ex-

149 2151 246 2188 hibet
262 2152 357 2188 Serv.
378 2153 471 2188 Aen.
491 2156 525 2196 3,
539 2157 611 2189 116
618 2168 630 2197 ‚·
655 2155 700 2197 cf.
720 2165 836 2201 qeory.
859 2158 892 2198 1,
905 2158 978 2191 418
997 2156 1089 2191 Aen.
1105 2159 1139 2199 6,
1149 2158 1234 2192 273.
1255 2158 1290 2200 9,
1304 2157 1490 2193 667301101.

149 2198 242 2235 Stat.
262 2200 370 2235 Theb.
383 2203 498 2244 ,2,404
521 2202 626 2237 schol.
649 2202 790 2237 Lucan.
805 2205 842 2246 8,
852 2206 923 2238 447
949 2202 1072 2248 (iacet)
1146 2202 1195 2238 29
1221 2213 1280 2239 me
1303 2202 1429 2251 (ῇῷ),
1454 2204 1492 2238 te

149 2247 232 2282 FA.
260 2247 365 2291 Wolf
465 2247 516 2283 33
541 2258 608 2283 nec
631 2269 673 2274 —
693 2248 867 2284 barbiton
899 2250 942 2285 ob
973 2249 1221 2296 Polyhymnia
1250 2251 1356 2286 habet
1385 2251 1490 2287 char.

149 2305 300 2339 gramm.
320 2295 347 2329 I
360 2297 446 2338 266,
460 2298 483 2331 3
556 2295 605 2331 35
630 2295 763 2331 inseris
791 2298 822 2331 Φ

242 2341 283 2389 2,
305 2341 324 2377 l
352 2344 398 2386 cf.
424 2343 616 2389 Euyraph.
643 2344 693 2379 ad
717 2344 792 2379 Ter.
814 2346 931 2380 Andr.
953 2347 1026 2380 903
1122 2344 1145 2380 2
1173 2345 1235 2391 [(ξ)
1255 2360 1263 2380 :
1283 2345 1490 2392 ABDE]
