1586 2514
591 84 736 124 cum
762 85 832 122 1111
853 90 884 122 7.
1330 84 1417 129 127

160 184 320 230 Gratia
336 201 436 230 cum
455 186 680 242 Nymphis
697 186 973 243 geminisque
992 186 1213 230 sororibus
1231 187 1363 231 audet
1398 204 1417 229 ⁶
1475 213 1477 215 ·

212 245 368 290 ducere
394 246 513 290 nuda
539 245 715 289 choros:

167 306 424 350 inmortalis.
451 322 505 350 ne
532 321 691 363 speres,
721 313 870 350 monet
898 322 1038 350 annus
1067 314 1111 351 et
1139 307 1307 351 almum

211 381 322 423 quae
342 366 462 423 rapit
483 366 588 409 hora
610 366 741 409 diem.

157 474 332 532 frigora
362 474 598 518 mitescunt
632 475 865 532 Zephyris,
896 491 971 519 ver
1002 476 1189 533 proterit
1220 483 1360 521 aestas

210 536 462 589 interitura,
485 537 619 580 simul
1380 554 1415 582 ιο

157 596 351 653 pomifer
380 602 618 640 autumnus
649 597 803 654 fruges
834 597 1067 650 effuderit,
1100 604 1143 641 et
1174 613 1275 641 mox

212 655 368 700 bruma
389 656 576 700 recurrit
599 656 728 700 iners.

157 763 318 808 damna
346 770 492 808 tamen
520 765 676 808 celeres
705 773 911 822 reparant
939 766 1142 810 caelestia
1170 767 1325 810 lunae:

209 839 286 867 nos
318 824 395 868 ubi
425 823 671 869 decidimus
969 846 974 850 “

155 899 242 940 quo
269 884 370 941 pius
397 884 584 937 Aeneas,
612 900 700 942 quo
731 886 887 930 Tullus
914 886 1036 930 dives
1063 893 1107 930 et
1135 888 1301 940 Ancus,
1378 903 1412 930 15

209 944 355 1000 pulvis
385 950 428 988 et
459 945 614 988 umbra
645 961 808 990 sumus.

154 1051 254 1108 quis
278 1053 362 1096 scit
383 1068 442 1097 an
465 1053 662 1097 adiciant
686 1054 922 1099 hodiernae
945 1055 1138 1099 crastina
1162 1071 1357 1102 summae

207 1117 406 1169 tempora
431 1113 479 1157 di
505 1114 690 1171 superi?

153 1174 309 1216 cuncta
333 1188 489 1217 manus
513 1174 665 1218 avidas
690 1174 871 1231 fugient
896 1175 1067 1219 heredis
1092 1176 1233 1220 amico

203 1247 315 1289 quae
344 1233 515 1277 dederis
543 1234 706 1278 animo.
1372 1253 1409 1280 20

152 1357 252 1385 cum
272 1342 407 1386 semel
429 1342 637 1387 occideris
660 1350 703 1387 et
725 1344 779 1387 de
802 1350 859 1397 te,
883 1345 1125 1402 splendide,
1151 1346 1302 1390 Minos

206 1402 365 1446 fecerit
387 1402 588 1456 arbitria,

154 1477 256 1515 non,
282 1462 517 1520 Torquate,
541 1479 693 1521 genus,
718 1480 808 1509 non
830 1472 874 1509 te
896 1465 1122 1518 facundia,
1149 1482 1235 1510 non
1260 1474 1302 1510 te

205 1522 409 1566 restituet
439 1523 603 1580 pietas3

152 1631 343 1675 infernis
375 1647 514 1689 neque
546 1634 663 1677 enim
697 1634 889 1678 tenebris
924 1634 1072 1679 Diana
1105 1635 1315 1693 pudicum
1371 1652 1407 1678 25

205 1691 366 1736 liberat
391 1692 693 1750 Hippolytum

152 1767 227 1795 nec
255 1752 448 1796 Lethaea
473 1753 590 1797 valet
618 1754 809 1798 Theseus
836 1755 1095 1812 abrumpere
1123 1772 1220 1800 caro

205 1812 382 1856 vincula
409 1813 631 1857 Perithoo.

138 1954 358 2002 (Dt-AEBC
449 1955 521 2004 Θῐ
539 1957 633 1993 ΒΦ

143 2038 180 2086 7,
207 2036 257 2074 14
288 2040 332 2077 ob
361 2039 429 2076 ubi
461 2041 570 2085 affert
600 2041 697 2078 Serv.
718 2042 811 2078 Aen.
831 2046 866 2086 1,
893 2045 963 2078 714
1077 2042 1126 2079 15
1158 2043 1244 2089 pius
1275 2044 1324 2091 Q
1346 2043 1408 2092 Θ,

42 2088 153 2132 pater
177 2087 232 2123 δπ
261 2088 394 2125 Bland.
481 2088 599 2124 tullus
624 2089 730 2125 dives
748 2090 798 2137 Q
814 2090 876 2139 Θ,
902 2089 1010 2126 diues
1029 2090 1147 2126 tullus
1167 2091 1280 2137 (iulus
1300 2093 1356 2138 F)
1378 2094 1410 2128 Φ

43 2133 95 2171 1ss
118 2135 266 2172 adhibet
290 2137 433 2173 Ancon.
452 2139 538 2182 234,
556 2139 583 2173 2
702 2137 748 2174 17
779 2137 871 2181 Quis
903 2138 976 2174 scit
1005 2139 1055 2186 Q
1154 2140 1309 2186 Porph„
1336 2139 1408 2183 Qui

42 2183 117 2219 scis
135 2184 214 2220 BC
283 2195 451 2221 summae
469 2185 581 2234 ᾧῷ)
600 2187 749 2232 ΡονΡῙι.,
767 2186 872 2222 uitae
892 2188 949 2222 δπ
968 2188 1045 2223 Bla
1102 2215 1109 2223 .
1190 2187 1239 2223 19
1259 2188 1410 2224 heredis

40 2230 153 2280 QG}
170 2232 320 2278 Porph„
345 2232 494 2269 herebis
520 2234 588 2279 (vel
606 2234 668 2278 -it)
695 2235 764 2270 Fe
861 2234 909 2271 21
938 2236 1144 2284 [Q:AB]
1210 2236 1409 2282 splendide

42 2281 234 2317 Hartman
259 2281 324 2325 (cf.
343 2284 379 2326 3,
400 2284 434 2326 7,
455 2285 505 2327 1),
531 2282 733 2328 splendida
756 2283 806 2331 Q
822 2282 874 2332 Θ
892 2284 1029 2330 Por-ph.
1142 2283 1192 2319 25
1219 2295 1341 2330 neque
1364 2306 1407 2312 —

41 2327 92 2364 Hi
118 2328 292 2374 polytum
322 2331 366 2366 ob
390 2341 466 2367 rem
491 2331 587 2367 Serv.
608 2333 702 2367 Aen.
724 2334 758 2376 6,
779 2335 852 2368 617
877 2333 959 2378 (om.
987 2332 1167 2378 tenebris>
1267 2332 1318 2368 28
1345 2344 1409 2379 pe-

40 2377 74 2413 ri
120 2387 165 2413 oo
190 2376 240 2424 Q
255 2376 323 2425 Q,
348 2377 515 2424 pirithoo
541 2378 624 2415 FR
