1586 2514
192 102 274 145 108
710 102 855 145 CARM.
881 102 931 139 111
951 108 1006 140 27.

759 219 973 264 XXVIL

402 295 554 351 Inpios
580 311 732 352 parrae
758 296 990 340 recinentis
1017 312 1142 340 omen

399 353 531 397 ducat
556 360 599 397 et
624 370 867 411 praegnans
893 355 1012 399 canis
1038 362 1115 400 aut
1139 355 1193 400 ab
1219 370 1326 412 agro

401 428 503 455 rava
533 413 761 456 decurrens
792 413 897 470 lupa
927 414 1158 458 Lanuvino

453 472 631 528 fetaque
655 472 824 528 volpes;

201 568 219 595 a
396 553 566 611 rumpit
595 559 639 597 et
668 569 842 611 serpens
873 555 957 599 iter
987 555 1255 607 institutum,

397 613 435 654 si
463 627 540 668 per
567 613 791 669 obliquom
819 614 978 657 similis
1005 614 1192 671 sagittae

400 671 559 715 terruit
587 687 791 715 mannos:
827 688 906 729 ego
936 673 1005 717 cui
1036 673 1211 725 timebo,

452 731 658 787 providus
688 747 863 788 auspex,

399 819 632 870 antequam
663 815 821 866 stantis
852 821 1020 871 repetat
1051 815 1231 882 paludes

184 887 217 913 ιο
396 872 606 916 imbrium
633 873 783 916 divina
809 873 900 917 avis
925 874 1265 925 imminentium,

395 931 584 974 oscinem
614 947 784 975 corvom
814 947 935 988 prece
965 933 1181 976 suscitabo

447 990 553 1034 solis
578 991 632 1034 ab
659 997 771 1034 ortu.

394 1073 454 1116 sis
486 1073 590 1116 licet
620 1073 747 1125 felix,
782 1074 1043 1131 ubicumque
1075 1074 1226 1126 mavis,

396 1139 438 1175 et
471 1147 635 1175 memor
667 1133 819 1185 nostri,
853 1132 1049 1185 Galatea,
1083 1134 1203 1177 vivas

185 1205 217 1232 15
397 1197 525 1247 teque
547 1206 623 1234 nec
645 1191 785 1235 laevos
807 1198 921 1235 vetet
943 1192 1007 1235 ire
1028 1193 1152 1249 picus

450 1265 526 1292 nec
555 1265 666 1306 vaga
695 1250 859 1294 cornix.

394 1332 469 1375 sed
501 1332 636 1383 vides,
669 1338 834 1389 quanto
866 1333 1056 1389 trepidet
1087 1332 1280 1377 tumultu

396 1405 558 1447 pronus
588 1390 738 1434 Orion.
787 1407 867 1448 ego
895 1392 1002 1448 quid
1032 1393 1091 1435 sit
1118 1398 1212 1436 ater

398 1449 594 1493 Hadriae
623 1450 724 1493 novi
752 1451 873 1494 sinus
903 1457 946 1494 et
974 1451 1082 1507 quid
1110 1450 1235 1495 albus

181 1522 216 1550 20
447 1514 593 1565 peccet
615 1509 771 1566 Iapyx.

393 1590 585 1635 hostium
616 1606 770 1635 uxores
800 1592 1009 1649 puerique
1038 1607 1180 1636 caecos

393 1650 587 1694 sentiant
612 1657 756 1694 motus
781 1651 962 1695 orientis
987 1651 1145 1695 Austri
1172 1657 1215 1695 et

394 1710 594 1766 aequoris
621 1710 741 1766 nigri
767 1710 997 1754 fremitum
1024 1716 1068 1754 et
1094 1710 1319 1754 trementis

447 1769 621 1812 verbere
645 1769 775 1825 ripas.

181 1865 215 1892 25
394 1851 455 1893 sie
481 1858 524 1893 et
552 1851 726 1907 Europe
752 1851 926 1894 niveum
952 1851 1099 1894 doloso

390 1909 579 1952 credidit
611 1915 737 1952 tauro
768 1909 882 1952 latus
914 1915 957 1952 et
989 1915 1222 1953 scatentem

391 1968 530 2011 beluis
555 1975 738 2024 pontum
763 1968 1011 2024 mediasque
1036 1968 1214 2012 fraudes

444 2027 606 2083 palluit
627 2027 784 2070 audax.

269 2131 487 2177 &zABc
579 2131 761 2179 63:134>

270 2214 342 2259 27,
364 2214 384 2249 1
419 2214 667 2261 [(ῇιΑΒΟ]
814 2214 838 2249 ε’)
875 2213 1016 2259 rumpit
1038 2213 1088 2261 Θ
1116 2214 1269 2258 Por-ph„
1306 2218 1455 2259 rumpat

178 2261 194 2296 ἲ
225 2262 283 2296 cui
303 2261 423 2309 ῶΘ,
444 2261 535 2306 quid
561 2261 682 2296 δ’λῑπ
780 2261 830 2297 10
849 2261 1112 2296 inminentium
1129 2261 1187 2308 Q),
1213 2261 1461 2296 inminentum

177 2309 225 2344 15
250 2311 355 2345 uetet
443 2309 495 2356 (ᾧ
520 2309 706 2353 (mand),
731 2309 836 2354 petet
857 2309 904 2352 B,
930 2310 1036 2344 uetat
1062 2309 1106 2345 0¹
1203 2307 1352 2344 25—28
1378 2309 1422 2345 ob
1445 2318 1524 2344 sca-

173 2359 314 2392 tentem
341 2357 391 2393 ad
415 2357 486 2392 ibet
511 2357 666 2403 Eutych.
693 2368 843 2403 yram‘m.
873 2356 905 2390 V
920 2359 1004 2399 484,
1019 2359 1065 2392 10
