1586 2514
587 107 735 145 EPIST.
759 107 777 144 1
803 111 858 144 19.
880 111 936 144 20.
1347 106 1432 150 287

75 224 153 253 noc
181 224 364 267 sponsae
395 209 601 267 laqueum
633 209 804 254 famoso
835 208 1028 253 carmine
1059 209 1209 253 nectit.

25 309 29 313 .
76 268 191 314 huno
217 285 312 327 ego,
342 284 428 313 non
454 269 545 313 alio
571 269 740 313 dictum
767 269 890 326 prius
918 283 1004 322 ore,
1034 268 1223 314 Latinus

4 339 31 371 ’ν
77 328 251 387 volgavi
274 329 466 383 fidicen;
498 329 623 374 iuvat
644 329 945 373 inmemorata·
958 329 1174 374 ferentem

73 389 280 447 ingenuis
307 389 529 447 oculisque
555 389 646 447 legi
673 389 960 447 manibusque
987 389 1140 433 teneri.

28 462 30 465 ·
71 449 184 493 scire
206 448 330 502 velis,
357 464 454 493 mea
479 464 556 494 our
581 449 784 507 ingratus
810 449 1017 506 opuscula
1043 449 1178 493 lector
1398 465 1433 492 35

73 507 224 553 laudet
249 514 453 566 ametque
479 508 616 562 domi,
646 514 816 567 premat
844 515 968 553 extra
996 509 1133 554 limen
1162 509 1350 567 iniquos.

70 566 161 613 ¹non
183 583 264 626 ego
285 574 488 614 ventosae
510 568 651 626 plebis
673 569 900 626 suffragia
923 584 1054 613 venor

6 629 21 683 ξ
75 627 271 686 inpensis
289 643 494 673 cenarum
514 634 558 673 et
577 629 708 673 tritae
729 644 907 673 munere
926 629 1081 683 vestis;

73 702 161 733 non
182 702 277 746 ego,
301 687 521 733 nobilium
541 688 806 746 scriptorum
829 689 1007 734 auditor
1030 695 1073 734 et
1098 689 1227 742 ultor,

71 747 381 805 grammaticas
407 747 574 793 ambire
601 748 744 793 tribus
771 754 814 793 et
840 749 1016 807 pulpita
1044 749 1228 807 dignor:
1397 765 1433 792 ιο

8 815 11 820 ’
72 807 174 852 hino
201 807 307 852 illae
334 807 553 853 lacrimae.
594 808 758 867 ‘spissis
786 808 973 867 indigna
1003 810 1187 854 theatris

16 864 17 867 ¹
68 867 234 925 scripta
265 868 403 926 pudet
433 869 615 913 recitare
647 875 690 912 et
722 870 854 927 nugis
886 869 1044 914 addere
1077 869 1261 928 pondus'

69 927 109 972 si
133 927 245 981 dixi,
272 927 417 972 ‘rides'
442 927 521 982 ait,
547 927 606 973 'et
631 928 749 973 Iovis
775 929 956 974 auribus
980 930 1067 974 ista

69 1003 238 1032 servas:
274 987 388 1033 fidis
417 988 535 1034 enim
564 1004 740 1033 manare
771 990 940 1047 poetica
971 991 1102 1034 mella

71 1053 114 1092 te
141 1046 300 1101 solum,
332 1047 419 1093 tibi
449 1048 658 1107 pulcher.’
698 1049 754 1094 ad
785 1050 889 1094 haec
920 1066 1002 1108 ego
1033 1051 1212 1095 naribus
1245 1051 1310 1094 uti
1396 1067 1431 1093 45

70 1107 266 1152 formido
291 1113 349 1161 et,
376 1108 585 1154 luctantis
611 1116 739 1154 acuto
765 1125 819 1154 ne
845 1126 959 1154 secer
986 1111 1140 1168 ungui,

70 1167 288 1226 'displicet
318 1169 402 1213 iste
433 1167 566 1214 loous’
595 1168 737 1214 clamo
769 1176 812 1214 et
842 1169 1016 1215 diludia
1049 1186 1189 1228 posco.

11 1254 13 1258 .
69 1227 199 1272 ludus
228 1228 348 1272 enim
377 1228 533 1286 genuit
562 1229 785 1287 trepidum
815 1236 1032 1274 certamen
1063 1237 1106 1274 et
1137 1231 1263 1283 iram,

68 1287 136 1332 ira
162 1294 304 1332 truces
328 1287 592 1334 'inimicitias
619 1296 662 1334 et
689 1290 874 1334 funebre
902 1291 1079 1335 bellum.

691 1446 804 1491 XX.

67 1528 362 1574 Vertumnum
390 1530 646 1588 Ianumque,
673 1531 798 1585 liber,
824 1538 1018 1590 spectare
1043 1532 1218 1586 videris,

66 1588 235 1634 scilicet
265 1595 316 1634 ut
346 1596 514 1648 prostes
544 1590 769 1636 Sosiorum
800 1593 973 1651 pumice
1004 1593 1206 1637 mundus.

68 1649 202 1693 odisti
227 1648 362 1694 clavis
388 1656 433 1695 et
457 1657 585 1709 grata
610 1651 760 1709 sigilla
786 1651 971 1710 pudico;

30 1769 33 1771 ι
66 1709 216 1766 paucis
244 1710 415 1754 ostendi
443 1711 584 1769 gemis
612 1717 657 1756 et
683 1713 933 1757 communia
961 1713 1127 1767 laudas,

66 1785 153 1814 non
179 1769 245 1814 ita
272 1770 481 1815 nutritus.
519 1771 629 1829 fuge
655 1787 742 1829 quo
770 1772 1025 1817 descendere
1054 1773 1214 1831 gestis:
1407 1791 1425 1818 5

68 1844 156 1874 non
181 1829 268 1874 erit
293 1830 450 1875 emisso
475 1831 643 1876 reditus
667 1832 767 1876 tibi.
805 1832 926 1890 ‘quid
954 1833 1087 1878 miser
1111 1835 1219 1892 egi?

67 1889 174 1947 quid
204 1890 324 1935 volui
341 1890 375 1932 ?'
403 1890 534 1944 dices,
563 1892 640 1936 ubi
668 1892 776 1950 quid
805 1899 848 1937 te
877 1893 1075 1949 laeserit;
1113 1901 1156 1939 et
1184 1894 1267 1940 scis

157 1984 392 2033 &amn-
482 1985 661 2034 &2212ae

160 2056 211 2093 82
236 2056 378 2093 latinus
402 2057 452 2105 Θ
474 2057 525 2106 Θ
551 2059 739 2105 (Bland.),
763 2059 892 2095 latinis
917 2062 958 2096 λῑ
1037 2059 1088 2097 84
1114 2061 1288 2108 ingenuis
1313 2063 1362 2110 Q
1378 2063 1430 2111 Q

64 2105 219 2152 Porph..
258 2105 422 2152 ingeniis
447 2117 469 2146 ς
632 2106 684 2143 89
709 2107 861 2143 auditor
884 2108 933 2156 Q
956 2109 1007 2157 Q
1032 2110 1187 2155 Por-ph„
1225 2110 1375 2146 adiutor
1407 2124 1428 2151 ς

65 2151 117 2189 40
140 2163 224 2190 cum
248 2153 410 2191 lemmate
435 2152 586 2200 pulpita
609 2156 773 2202 exempla
805 2157 920 2193 Vatic.
940 2160 1015 2194 210
1097 2156 1149 2193 45
1176 2158 1225 2193 ad
1245 2179 1290 2185 —
1311 2159 1427 2205 ungui

62 2201 107 2238 ob
136 2202 208 2239 abl.
235 2202 354 2250 ungui
385 2202 503 2239 Prisc.
524 2206 559 2248 7,
578 2205 626 2240 69
651 2215 691 2250 p.
711 2207 795 2248 346,
815 2207 839 2240 9
968 2203 1020 2241 46
1046 2207 1084 2242 et
1113 2206 1163 2253 (D
1185 2205 1237 2254 Q
1262 2207 1430 2252 (Prisc),

62 2250 164 2287 omis.
189 2251 230 2286 21
326 2250 375 2286 47
402 2249 476 2287 iste
501 2252 618 2295 (omis.
640 2251 710 2297 A')
735 2252 799 2300 Q,
831 2252 896 2288 ille
920 2252 972 2301 Q
1068 2252 1118 2289 49
1145 2255 1188 2291 ob
1212 2257 1428 2292 sententiam

61 2297 128 2335 dat
151 2298 248 2335 Serv.
269 2298 362 2336 Aen.
383 2301 420 2343 8,
440 2302 515 2336 702

89 2393 127 2430 b·
156 2345 223 2401 2⁰,
243 2346 267 2382 2
299 2347 462 2383 mundus
486 2348 535 2395 Q)
558 2347 625 2396 Q,
658 2349 780 2384 nudus
812 2349 896 2385 le
1020 2349 1038 2385 7
1074 2349 1138 2385 ubi
1171 2350 1261 2398 quid
1294 2352 1342 2398 Q)
1365 2352 1429 2400 Θ,

63 2405 88 2430 ιι
117 2405 129 2429 ι
154 2405 239 2440 quis
266 2407 287 2434 ς
