1586 2514
585 73 732 113 GARM.
758 74 795 111 11
814 78 847 111 1.
867 78 900 111 2.

332 173 425 220 iam
447 189 563 219 nuno
585 173 750 218 minaci
772 187 996 217 murmure
1015 187 1225 216 cornuom

334 234 598 303 perstringis
616 233 753 286 auris,
774 232 866 277 iam
885 231 991 276 litui
1012 237 1227 289 strepunt,

388 293 480 339 iam
505 294 661 352 fulgor
686 308 909 337 armorum
936 292 1112 349 fugacis

443 359 578 399 terret
601 368 736 411 equos
761 351 1049 410 equitumque
1073 351 1231 396 voltus.

334 438 490 483 audire
517 452 700 495 magnos
726 436 818 481 iam
843 436 997 480 videor
1022 435 1165 489 duces,

336 513 425 543 non
453 498 659 542 indecoro
689 496 868 554 pulvere
896 491 1097 540 sordidos

388 563 433 602 et
461 563 618 602 cuncta
647 562 865 600 terrarum
893 555 1074 600 subacta

443 622 616 675 praeter
639 622 830 660 atrocem
854 615 1055 660 animum
1079 615 1274 660 Catonis.

338 700 453 746 Iuno
480 706 526 745 et
552 700 735 745 deorum
763 699 965 757 quisquis
994 699 1177 744 amicior

337 760 470 806 Afris
497 761 643 806 inulta
670 766 856 805 cesserat
882 760 1087 817 inpotens

390 820 547 866 tellure
569 821 789 865 victorum
811 825 992 878 nepotes

443 881 620 926 rettulit
648 881 837 925 inferias
869 879 1127 938 Iugurthae.

335 965 436 1024 quis
459 981 547 1010 non
569 965 732 1010 Latino
755 964 972 1022 sanguine
995 963 1206 1021 pinguior

337 1040 516 1083 campus
542 1025 754 1084 sepulcris
780 1025 907 1082 inpia
933 1024 1103 1082 proelia

391 1091 578 1130 testatur
599 1086 889 1143 auditumque
911 1083 1062 1128 Medis

447 1145 686 1203 Hesperiae
711 1145 907 1190 sonitum
933 1144 1122 1189 ruinae?

338 1228 418 1287 qui
441 1244 602 1287 gurges
623 1235 702 1274 aut
723 1244 834 1287 quae
858 1218 1054 1273 flumina
1077 1227 1281 1286 lugubris

338 1288 498 1347 ignara
525 1289 665 1333 belli?
691 1289 810 1347 quod
838 1304 958 1333 mare
987 1288 1192 1333 Dauniae

394 1364 484 1394 non
510 1349 806 1394 decoloravere
835 1349 1020 1394 caedes?

447 1424 558 1467 quae
585 1415 702 1454 caret
726 1425 806 1454 ora
831 1424 982 1454 cruore
1009 1415 1158 1454 nostro
1174 1409 1194 1450 ?

337 1492 415 1538 sed
441 1509 495 1538 ne
520 1493 698 1546 relictis,
726 1494 860 1539 Musa
886 1509 1061 1551 procax,
1090 1493 1198 1537 iocis

341 1552 455 1598 Ceae
477 1559 681 1598 retractes
704 1569 886 1598 munera
908 1551 1077 1606 neniae,

394 1628 564 1658 mecum
590 1613 788 1658 Dionaeo
811 1614 893 1658 sub
919 1618 1047 1658 antro

444 1688 604 1731 quaere
628 1674 777 1718 modos
801 1674 962 1718 leviore
985 1673 1163 1731 plectr0.

715 1854 780 1898 Π.

340 1925 505 1970 Nullus
529 1933 710 1984 argento
734 1926 851 1970 color
874 1932 939 1970 est
962 1925 1107 1970 avaris

336 1985 492 2031 abdito
515 1986 657 2038 terris,
681 1986 860 2030 inimice
883 1986 1056 2030 lamnae

339 2045 496 2104 Crispe
523 2045 721 2099 Sallusti,
748 2046 835 2090 nisi
860 2051 1103 2103 temperato

388 2106 619 2164 splendeat
650 2122 744 2150 usu.

160 2211 444 2261 ΘιΔΒΒΕ
536 2210 718 2260 ΘιΒΦ

167 2307 215 2346 21
245 2309 388 2346 Sudare
408 2337 415 2345 .
438 2337 445 2344 .
467 2336 475 2344 .
495 2307 606 2345 video
631 2308 773 2346 Bitschl

166 2355 208 2406 2,
227 2357 251 2393 2
276 2356 426 2394 lamnae
452 2355 557 2405 BQ),
576 2356 765 2403 lam(m)ae
790 2356 923 2393 ΑΒΕ

139 2423 323 2457 notu-mn,

341 2423 387 2451 ed.
406 2423 588 2451 Vollmer.
625 2423 681 2450 Ba„
701 2423 743 2449 11.
763 2423 869 2450 maior.
884 2422 984 2456 [148⁶]
1196 2418 1217 2450 4

1369 72 1509 127 49,
