1586 2514
625 76 767 115 SERM,
791 76 810 112 Ι
831 80 862 113 1.
1342 71 1428 116 169

0 178 1 181 ’
65 181 206 226 iratus
233 179 389 224 buccas
418 179 556 224 inflet
583 193 722 236 neque
749 192 794 221 se
822 177 919 221 fore
949 176 1127 234 posthac

64 247 157 286 tam
181 239 362 286 facilem
389 239 523 292 dicat,
548 238 663 282 votis
690 243 740 282 ut
765 236 972 294 praebeat
998 235 1183 280 aurem?

64 306 288 359 praeterea
320 297 395 355 (ne
425 298 489 343 sic
519 304 571 343 ut
598 297 677 355 qui
707 296 920 341 iocularia
950 295 1098 340 ridens

65 375 329 418 percurram,
361 373 629 416 quamquam
661 356 879 401 ridentem
909 356 1053 400 dicere
1082 370 1233 399 verum

64 419 174 477 quid,
196 418 351 463 vetat?
378 424 429 463 ut
452 418 600 476 pueris
625 417 732 461 olim
756 416 866 460 dant
890 415 1083 461 crustula
1109 413 1261 458 blandi
1388 429 1422 455 ετ)

50 480 275 531 doctores,
304 478 518 522 elementa
546 477 685 521 velint
712 482 762 520 ut
789 476 954 519 discere
982 475 1149 532 prima;

59 539 140 589 sed
167 544 316 583 tamen
343 543 491 582 amoto
517 551 777 594 quaeramus
804 535 917 579 seria
944 534 1098 591 ludo):

66 598 143 643 ille
166 613 344 656 gravem
370 597 481 642 duro
505 603 665 651 terram
689 596 768 653 qui
791 596 926 640 vertit
949 601 1110 647 aratro,

66 658 270 717 perfidus
299 657 371 702 hio
402 672 554 715 caupo,
586 656 712 700 miles
741 661 1000 713 nautaeque,
1032 670 1108 712 per
1138 669 1265 699 omne

66 718 250 764 audaces
276 733 396 763 mare
425 718 503 775 qui
531 722 726 769 currunt,
755 716 834 760 hac
862 722 1007 760 mente
1035 715 1228 760 laborem
1390 728 1426 756 30

65 794 155 823 sese
182 779 312 831 ferre,
342 793 464 822 senes
491 783 541 822 ut
566 777 616 821 in
642 776 734 820 otia
761 782 860 820 tuta
886 775 1102 827 recedant,

66 839 208 891 aiunt,
231 853 331 883 cum
354 837 443 882 sibi
464 837 555 882 sint
576 842 781 894 congesta
801 835 994 880 cibaria:
1024 835 1138 880 sicut

66 898 258 956 parvola,
288 914 391 942 nam
421 897 621 955 exemplo
649 903 726 949 est,
757 896 910 954 magni
938 896 1127 940 formica
1155 894 1318 938 laboris

67 974 140 1003 ore
165 958 306 1003 trahit
332 958 636 1016 quodcumque
662 963 806 1014 potest
832 962 963 1014 atque
989 955 1116 1000 addit
1142 970 1293 999 acervo

66 1034 197 1076 quem
221 1018 370 1070 struit,
400 1017 518 1062 haud
543 1017 701 1075 ignara
725 1032 775 1061 ac
801 1031 890 1060 non
915 1016 1093 1060 incauta
1120 1015 1280 1059 futuri.
1391 1029 1426 1057 35

66 1094 191 1136 quae,
221 1077 358 1122 simul
389 1077 611 1122 inversum
641 1077 874 1121 contristat
903 1075 1131 1133 Aquarius
1162 1090 1341 1127 annum,

68 1153 156 1183 non
179 1153 363 1195 usquam
388 1136 587 1195 prorepit
609 1142 654 1181 et
676 1136 769 1180 illis
793 1136 937 1180 utitur
959 1141 1060 1180 ante

67 1197 279 1256 quaesitis
303 1197 490 1255 patiens,
518 1212 618 1241 cum
642 1202 686 1240 te
711 1211 849 1253 neque
874 1195 1074 1239 fervidus
1099 1200 1242 1239 aestus

67 1257 294 1302 demoveat
321 1256 443 1301 lucro
473 1271 611 1314 neque
639 1256 810 1313 hiemps
838 1255 958 1313 ignis
987 1271 1106 1299 mare
1134 1255 1317 1307 ferrum,

69 1317 136 1363 nil
156 1317 299 1362 obstet
321 1316 421 1370 tibi,
444 1316 551 1361 dum
572 1332 626 1361 ne
647 1316 707 1360 sit
729 1322 772 1360 te
794 1315 933 1360 ditior
954 1315 1078 1360 alter.
1391 1330 1427 1357 40

68 1377 179 1436 quid
205 1377 330 1422 iuvat
358 1377 606 1421 inmensum
634 1382 677 1420 te
705 1376 878 1433 argenti
908 1375 1080 1433 pondus
1108 1381 1151 1419 et
1178 1374 1276 1419 auri

67 1437 232 1483 furtim
261 1437 436 1481 defossa
468 1435 678 1481 timidum
708 1436 923 1493 deponere
953 1436 1104 1479 terra?

70 1497 215 1556 ³quod,
244 1497 283 1541 si
315 1495 585 1549 conminuas,
613 1496 748 1540 vilem
778 1495 1009 1553 redigatur
1037 1495 1094 1540 ad
1123 1494 1291 1540 assem!

69 1563 117 1603 at
139 1557 187 1602 ni
213 1557 262 1602 id
286 1556 362 1610 fit,
387 1555 497 1614 quid
522 1555 653 1600 habet
677 1555 821 1613 pulcri
846 1561 1118 1600 constructus
1142 1556 1349 1600 acervos?

70 1617 198 1662 milia
218 1616 438 1662 frumenti
461 1622 539 1661 tua
560 1615 734 1661 triverit
755 1631 856 1660 area
878 1622 1077 1660 centum:
1395 1632 1430 1659 ιτ»

163 1711 486 1760 ωηιΒΒΕΚ
579 1709 763 1759 Θιιτφ

165 1783 233 1820 28.
252 1781 303 1820 22
335 1783 515 1820 ordinant
538 1781 627 1818 ΒΚ
707 1781 759 1818 28
784 1792 832 1818 ne
855 1782 905 1829 Q
922 1781 973 1830 Q
1005 1783 1138 1828 Porph.
1173 1784 1213 1828 (i.
1234 1784 1342 1820 schol.
1368 1786 1435 1829 Γ),

69 1843 138 1869 nec
162 1830 318 1869 ΓΗΚ*
342 1831 406 1868 Ps.
434 1831 570 1877 Porph.
656 1829 707 1866 24
733 1829 859 1866 dicere
876 1830 926 1877 Q
942 1829 994 1878 Q
1015 1831 1151 1876 Porph.
1178 1832 1219 1874 (i.
1239 1832 1347 1868 schol.
1368 1834 1435 1878 Γ),

70 1880 216 1917 discere
239 1892 264 1917 a
277 1880 344 1917 Ru
441 1878 492 1915 25
517 1879 561 1914 ut
578 1899 626 1906 —
645 1878 817 1914 doctores
836 1878 880 1915 ob
902 1877 1069 1914 crustula
1093 1880 1203 1923 affert
1222 1879 1320 1916 Serv.
1340 1881 1434 1916 Aen.

71 1931 106 1974 7,
120 1931 192 1965 115
199 1942 213 1973 ,·
231 1929 277 1973 cf.
291 1938 408 1976 yeory.
421 1929 456 1970 3,
466 1930 541 1964 360
589 1925 638 1963 27
654 1928 781 1963 amoto
795 1926 981 1974 aDEQ,
1000 1927 1238 1964 amissoBK
1282 1926 1334 1964 29
1347 1927 1436 1965 Per-

69 1976 168 2013 fidus
192 1975 254 2012 hic
279 1987 400 2022 caupo
418 1975 468 2023 Q
484 1974 553 2024 Q,
586 1974 769 2011 Feruidus
794 1974 856 2010 hic
883 1985 1017 2021 campo
1043 1976 1127 2020 (hoc
1151 1976 1228 2011 iam
1253 1979 1292 2021 ς)
1319 1977 1436 2013 Bothe

71 2024 123 2061 88
147 2025 192 2061 ob
215 2025 526 2072 comparationem
550 2024 659 2068 affert
682 2023 779 2061 Serv.
802 2024 895 2060 Aen.
915 2025 1038 2067 4‚402
1122 2023 1173 2060 35
1200 2024 1314 2060 struit
1330 2025 1436 2072 QR,

71 2073 210 2110 strauit
224 2074 256 2109 Φ
317 2072 368 2109 86
382 2071 487 2116 Quae
501 2093 546 2099 —
559 2071 728 2118 prorepit
741 2073 784 2108 ob
795 2083 882 2108 rem.
897 2071 994 2108 Serv.
1008 2073 1100 2108 Aen.
1115 2074 1150 2117 4,
1163 2075 1236 2109 403
1297 2071 1345 2109 37
1360 2084 1388 2110 ε.
1403 2086 1435 2110 v.

70 2120 242 2168 prorepit
267 2120 445 2165 adferunt
469 2120 635 2165 exempla
662 2120 778 2157 Vatic.
803 2122 878 2156 243
909 2121 1123 2166 (nusquam)
1209 2119 1259 2156 38
1286 2121 1436 2167 patiens

70 2169 120 2218 Q
136 2168 189 2218 Q
211 2169 348 2216 Porph.
377 2170 418 2214 (i.
438 2169 546 2205 schol.
568 2169 681 2214 fv),
706 2168 858 2214 sapiens
880 2170 912 2204 Φ
931 2167 1106 2213 (Bland.)
1127 2168 1181 2205 Pe
1210 2169 1371 2215 Porph.,·
1388 2170 1435 2214 cf.

71 2218 174 2301 ipset.
195 2220 230 2262 1,
249 2220 283 2262 7,
302 2219 351 2254 40
465 2216 516 2252 39
543 2216 752 2253 Demoueat
775 2217 824 2264 Q
841 2216 932 2265 Qu
958 2217 1146 2262 (Bland.),
1178 2216 1379 2254 Dimoueat
1407 2221 1438 2255 Φ

101 2265 140 2302 1.
160 2264 211 2302 42
229 2266 274 2303 ob
293 2264 443 2302 defossa
463 2264 560 2301 Serv.
582 2267 673 2302 Aen.
695 2269 753 2308 10,
767 2268 843 2302 526
915 2263 967 2301 44
986 2263 1134 2311 pulchri
1151 2264 1201 2312 Q
1217 2264 1270 2314 Q
1287 2266 1437 2313 Porptz„

73 2313 167 2369 lucri
187 2313 485 2398 &sellai-‘opulus
505 2314 568 2358 (cf.
595 2314 773 2350 Theon-lt.
789 2316 849 2357 16,
862 2316 914 2350 22
931 2311 1079 2358 κέρδος)
1143 2323 1299 2349 aceruus
1318 2314 1437 2364 QQ,

73 2373 148 2398 -uls
173 2374 209 2406 a,
233 2373 295 2397 -us
