1586 2514
190 103 276 146 218
734 105 874 144 SERM.
899 105 933 141 11
958 110 991 142 8.

242 203 368 259 atqui
393 205 535 247 voltus
562 210 655 247 erat
680 204 820 247 multa
844 210 886 248 et
911 205 1130 261 praeclara
1154 206 1377 259 minantis,

194 277 227 303 10
244 262 281 304 si
304 278 483 306 vacuom
508 263 656 319 tepido
679 264 860 320 cepisset
881 264 1034 308 villula
1056 270 1180 308 tecto.

243 336 450 377 quorsum
472 323 690 379 pertinuit
713 322 874 379 stipare
899 323 1084 367 Platona
1107 324 1384 368 Menandro?

248 381 455 437 Eupolin,
484 381 812 434 Archilochum,
843 383 1019 426 comites
1047 383 1223 427 educere
1250 385 1427 428 tantos?

244 439 458 484 invidiam
487 441 657 497 placare
687 457 812 498 paras
840 442 1002 486 virtute
1030 442 1215 486 relicta?

244 506 515 543 contemnere
546 500 687 543 miser.
729 501 908 544 vitanda
938 508 1001 545 est
1031 502 1215 558 inproba
1244 502 1371 546 Siren

194 574 225 600 15
245 559 412 602 desidia
442 565 520 602 aut
550 559 766 616 quidquid
795 560 889 603 vita
918 561 1094 604 meliore
1124 562 1287 618 parasti

245 618 492 675 ponendum
512 634 648 675 aequo
671 619 846 662 animo.’
876 619 935 662 ‘di
957 626 1012 672 te,
1035 621 1313 678 Damasippe,
1334 620 1520 678 deaeque

244 693 394 721 verum
419 678 473 721 ob
501 678 731 722 consilium
757 679 918 723 donent
943 686 1125 723 tonsore.
1169 680 1242 724 sed
1269 680 1382 724 unde

246 743 335 780 tam
356 737 462 781 bene
483 753 551 780 me
570 738 684 781 nosti
701 738 734 779 ’θ’
755 738 997 795 ‘postquam
1017 740 1157 783 omnis
1177 755 1242 783 res
1261 755 1356 784 mea
1376 740 1531 784 Ianum

245 797 300 840 ad
328 797 521 840 medium
551 798 694 840 fracta
719 804 796 849 est,
825 798 967 842 aliena
995 799 1171 856 negotia
1197 814 1299 843 curo

192 871 228 898 20
246 871 447 899 excussus
469 856 672 913 propriis.
717 857 822 900 olim
845 873 945 901 nam
968 873 1172 914 quaerere
1192 858 1405 910 amabam,

246 930 332 971 quo
355 916 479 958 vafer
505 915 581 959 ille
605 915 733 972 pedes
757 916 932 959 lavisset
957 917 1173 974 Sisyphus
1196 933 1305 970 aere,

244 974 352 1030 quid
379 974 597 1031 sculptum
627 975 814 1027 infabre,
842 976 948 1032 quid
977 977 1127 1020 fusum
1155 976 1307 1021 durius
1333 983 1453 1021 esset.

245 1033 428 1076 callidus
455 1034 555 1077 huic
582 1034 709 1090 signo
733 1035 943 1090 ponebam
973 1037 1091 1077 milia
1113 1042 1309 1089 centum;

247 1093 391 1136 hortos
420 1093 700 1150 egregiasque
730 1093 878 1137 domos
905 1095 1132 1137 mercarier
1160 1111 1271 1139 unus

192 1167 226 1194 25
245 1167 342 1195 cum
367 1152 486 1195 lucro
512 1167 686 1195 noram:
718 1153 830 1196 unde
853 1154 1102 1209 frequentia
1125 1154 1385 1197 Mercuriale

225 1211 473 1267 -inposuere
497 1212 607 1254 mihi
633 1227 868 1268 cognomen
893 1212 1111 1268 compita.'
1145 1212 1257 1256 ‘novi

246 1277 288 1313 et
317 1271 452 1314 miror
484 1271 624 1314 morbi
654 1278 890 1327 purgatum
921 1278 962 1314 te
993 1271 1143 1315 illius.'
1182 1271 1318 1328 ‘atqui

247 1330 407 1372 emovit
431 1337 616 1374 veterem
644 1330 752 1373 mire
776 1345 919 1381 novos,
947 1337 996 1373 ut
1020 1330 1140 1382 solet,
1166 1330 1213 1374 in
1237 1346 1308 1374 cor

248 1390 428 1432 traiecto
458 1390 605 1433 lateris
638 1390 783 1433 miseri
814 1389 1021 1446 capitisve
1050 1390 1210 1441 dolore,

193 1465 228 1490 30
249 1455 297 1491 ut
322 1449 586 1505 lethargicus
614 1449 684 1492 hic
707 1465 805 1492 cum
831 1449 892 1492 fit
917 1449 1042 1505 pugil
1069 1455 1111 1491 et
1136 1449 1350 1492 medicum
1377 1449 1531 1505 urget.'

246 1508 363 1551 ‘dum
385 1509 545 1564 nequid
569 1508 711 1551 simile
733 1508 846 1560 huic,
870 1515 960 1551 esto
980 1514 1030 1551 ut
1050 1507 1187 1551 libet!
1217 1507 1255 1551 ‘o
1276 1508 1394 1560 bene,
1417 1524 1469 1551 ne
1490 1514 1532 1552 te

246 1568 479 1611 frustrere:
517 1568 683 1611 insanis
713 1575 757 1611 et
785 1574 833 1611 tu
863 1567 1072 1624 stultique
1102 1582 1235 1624 prope
1264 1582 1422 1618 omnes,

244 1627 391 1682 siquid
424 1627 662 1670 Stertinius
694 1627 783 1670 veri
814 1634 972 1684 crepat,
1006 1627 1119 1671 unde
1150 1642 1229 1684 ego
1260 1626 1370 1670 mira

245 1686 452 1742 descripsi
479 1686 634 1729 docilis
662 1692 887 1742 praecepta
915 1687 1029 1738 haec,
1058 1692 1250 1743 tempore
1276 1701 1361 1742 quo
1388 1701 1455 1728 me

192 1760 226 1786 35
245 1745 408 1788 solatus
440 1745 569 1788 iussit
601 1745 840 1800 sapientem
873 1761 1042 1801 pascere
1075 1745 1252 1789 barbam

245 1810 374 1859 atque
401 1819 427 1846 a
455 1804 663 1846 Fabricio
688 1819 775 1847 non
802 1805 970 1847 tristem
997 1810 1128 1861 ponte
1154 1804 1322 1847 reverti.

248 1879 347 1906 nam
378 1863 488 1905 male
519 1878 564 1905 re
592 1868 713 1919 gesta
742 1878 839 1905 cum
868 1863 1021 1906 vellem
1051 1864 1224 1907 mittere
1253 1868 1400 1919 operto

247 1938 314 1964 me
340 1922 481 1978 capite
509 1922 557 1965 in
582 1922 766 1973 flumen,
795 1922 944 1965 dexter
969 1923 1092 1966 stetit
1117 1928 1160 1965 et
1186 1922 1311 1965 “cave
1336 1921 1456 1964 faxis

283 2015 332 2062 Q)
345 2030 352 2050 :
367 2016 449 2050 aE
541 2014 612 2062 QD:
630 2016 672 2049 Φ

285 2087 308 2121 9
334 2087 377 2121 ob
410 2085 545 2120 minari
572 2086 667 2121 Serv.
688 2086 778 2120 Aen.
799 2087 835 2128 2,
854 2088 903 2121 96
1023 2084 1071 2121 12
1097 2082 1379 2129 archiloc(h)um
1403 2083 1452 2130 Q
1473 2083 1534 2131 Θ,

191 2133 412 2169 Archilocho
438 2145 460 2172 ς
567 2132 616 2167 13
647 2131 738 2177 quin
769 2133 809 2167 tu
844 2133 928 2178 (sic)
960 2133 1137 2168 invidiam
1164 2152 1210 2158 --
1234 2130 1348 2166 miser
1377 2131 1420 2167 ob
1450 2141 1534 2167 con-

189 2183 353 2217 temnere
386 2181 491 2216 schol.
518 2181 618 2216 Pers.
639 2181 679 2222 3,
698 2182 745 2215 21
781 2181 906 2224 (codex
938 2192 1028 2217 saec.
1057 2181 1149 2224 XV)
1264 2177 1312 2213 21
1348 2178 1455 2214 uafer
1487 2178 1536 2225 Q

190 2229 343 2273 Porph.‚
374 2228 479 2263 faber
513 2229 543 2262 Φ
639 2226 688 2262 22
721 2227 906 2273 sculptum
932 2228 1008 2275 Ql.
1041 2227 1234 2272 (mand),
1265 2225 1448 2271 scalptum
1479 2226 1535 2261 ΓΖ

189 2275 239 2311 25
277 2274 497 2311 mei-curiale
532 2275 581 2321 Q
609 2274 675 2322 Θ,
714 2275 970 2311 mercurialem
1008 2287 1046 2317 ς,
1094 2273 1308 2310 MercuriaIi
1348 2272 1535 2320 Gryphius

189 2324 238 2358 29
271 2334 317 2358 ue
350 2324 404 2366 E,
437 2333 509 2367 que
539 2324 604 2358 αΦ
730 2322 780 2358 30
811 2323 997 2358 medicum
1027 2323 1120 2370 Q2,
1153 2320 1339 2357 modicum
1371 2321 1426 2357 Fl
1452 2320 1532 2366 (av)

191 2370 241 2406 32
268 2370 347 2405 ueri
371 2371 436 2418 Q,
462 2381 590 2405 uerum
619 2371 649 2405 Φ
