1586 2514
630 84 777 121 GARM.
804 86 838 121 ΙΙ
858 90 890 122 3.

294 198 372 226 seu
397 189 586 228 maestus
611 184 732 228 omni
758 191 951 242 tempore
975 187 1139 230 vixeris

295 258 371 286 seu
396 248 439 286 te
462 243 511 288 in
534 251 700 288 remoto
723 245 923 302 gramine
947 262 1025 302 per
1046 247 1140 290 dies

352 303 488 347 festos
514 304 775 348 reclinatum
804 304 945 348 bearis

404 363 613 408 interiore
639 371 743 408 nota
770 364 966 408 Falerni.

297 486 385 527 quo
408 471 540 528 pinus
563 472 719 529 ingens
740 473 928 530 albaque
952 474 1140 531 populus

298 530 498 575 umbram
527 532 789 589 hospitalem
818 535 1064 578 consociare
1092 541 1243 579 amant

351 591 520 635 ramis?
552 592 662 649 quid
683 593 866 650 obliquo
890 594 1061 638 laborat

407 650 590 708 lympha
618 653 760 710 fugax
791 654 1012 711 trepidare
1041 655 1171 699 rivo?

299 758 382 802 huc
404 758 509 803 vina
531 766 575 803 et
599 767 824 818 unguenta
848 767 891 806 et
913 762 1105 807 nimium
1129 763 1270 807 brevis

299 818 662 881 floressamoenae
685 821 801 864 ferre
824 821 928 865 iube
951 838 1086 875 rosae,

350 878 458 922 dum
482 895 550 924 res
573 885 617 924 et
637 887 759 925 aetas
783 887 826 924 et
850 897 1047 926 sororum

404 939 491 983 fila
517 939 655 984 trium
681 942 915 997 patiuntur
939 949 1049 986 atra.

298 1046 420 1090 cedes
444 1048 654 1105 coemptis
678 1049 866 1093 saltibus
888 1057 932 1094 et
955 1050 1084 1094 domo

297 1106 504 1164 villaque,
535 1107 677 1152 flavos
705 1124 838 1166 quam
870 1109 1044 1154 Tiberis
1072 1110 1196 1164 lavit,

351 1166 474 1211 cedes
499 1173 546 1211 et
568 1169 804 1214 exstructis
830 1170 879 1214 in
907 1171 1047 1215 altum

406 1227 578 1272 divitiis
607 1229 803 1286 potietur
833 1230 967 1274 heres.

299 1333 475 1378 divesne
501 1336 644 1393 prisco
670 1343 800 1381 natus
827 1338 881 1381 ab
911 1339 1074 1382 Inacho

299 1394 365 1437 nil
390 1395 573 1439 interest
597 1412 654 1440 an
680 1413 847 1455 pauper
873 1405 916 1442 et
942 1400 1107 1443 infima

353 1454 406 1498 de
437 1461 567 1512 gente
594 1457 677 1501 sub
709 1458 812 1502 divo
843 1460 1049 1503 moreris:

405 1515 586 1560 victima.
616 1517 682 1560 nil
713 1519 962 1562 miserantis
994 1519 1110 1563 Orci.

301 1637 448 1666 omnes
474 1624 623 1669 eodem
650 1626 864 1683 cogimur,
894 1628 1090 1672 omnium

298 1689 496 1727 versatur
520 1700 627 1728 urna
648 1687 786 1730 serius
805 1688 928 1731 ocius

351 1758 444 1787 sors
469 1744 643 1789 exitura
667 1752 711 1790 et
735 1762 813 1791 nos
837 1747 886 1791 in
911 1754 1134 1792 aeternum

406 1803 591 1848 exilium
616 1806 864 1862 inpositura
888 1809 1081 1864 cymbae.

178 1979 457 2026 (DzABDE
549 1981 728 2030 {13:110

1183 2433 1228 2467 4ss

1383 89 1439 132 51

1407 552 1441 579 10

1407 901 1440 927 15

1405 1248 1441 1275 20

178 2073 226 2122 8,
251 2075 290 2112 6.
323 2079 342 2111 7
382 2079 512 2114 omma
548 2080 587 2114 te
625 2081 667 2116 ob
703 2079 828 2116 bearis
866 2082 987 2127 adfert
1027 2083 1188 2120 Gramm.
1225 2084 1260 2119 V
1285 2087 1378 2128 572,
1396 2087 1445 2121 23

86 2121 133 2157 11
160 2122 252 2168 quid
270 2124 320 2171 ᾧ
336 2124 388 2172 Θ
407 2126 562 2170 (Blamz.
591 2127 680 2163 ‘non
704 2130 782 2165 sine
808 2131 910 2176 turpi
928 2131 1090 2176 ἰᾶται-α’),
1115 2132 1216 2176 quod
1237 2132 1288 2175 D,
1314 2144 1387 2177 quo
1408 2134 1448 2168 E

86 2168 134 2205 15
171 2171 214 2207 in
248 2182 357 2209 ouum
393 2185 501 2210 usum
536 2178 711 2213 convertit
740 2178 868 2215 Auson
902 2181 1044 2222 401,44
1167 2179 1216 2215 18
1247 2181 1290 2216 ob
1321 2180 1445 2217 lavere

85 2217 190 2266 Euty
235 2248 242 2255 .
274 2231 425 2266 yramm.
462 2223 495 2258 V
514 2226 667 2267 484,27
762 2225 860 2262 lauit
884 2227 932 2274 Q)
949 2227 1000 2275 Θ
1025 2228 1202 2275 Εαιμοή.,
1233 2227 1340 2264 lauat
1365 2230 1445 2265 AB

84 2266 136 2304 28
162 2267 231 2304 sub
256 2289 300 2297 —
322 2268 409 2306 Orci
433 2271 478 2306 ob
502 2271 572 2308 sub
598 2272 685 2309 divo
710 2274 833 2318 adfert
850 2275 947 2312 Serv.
969 2277 1060 2312 Aen.
1083 2279 1142 2320 12,
1156 2279 1229 2312 139

83 2318 300 2353 mantiam
328 2317 434 2354 habet
462 2319 570 2357 schol.
601 2320 692 2357 Stat.
723 2322 830 2359 Theb.
856 2326 986 2367 &193

85 2364 172 2408 Leo,
198 2365 331 2402 Seneca
356 2367 380 2402 1
397 2377 437 2411 p.
461 2370 548 2413 190)
647 2369 696 2405 28
723 2370 877 2406 exilium
903 2371 951 2418 Q)
968 2371 1030 2419 Θ,
1056 2372 1211 2407 exitium
1241 2375 1272 2408 Φ

1325 2276 1374 2312 24
1401 2279 1444 2313 ob

1083 2324 1169 2360 Orci
1200 2326 1275 2361 scil.
1309 2336 1348 2360 es
1381 2326 1442 2370 (effi
