1586 2514
186 94 271 138 180
732 92 872 129 SERM.
898 93 914 128 1
932 96 965 128 3.

236 193 486 238 iracundior
513 199 576 235 est
605 191 766 248 paullo,
796 192 939 234 minus
966 196 1093 247 aptus
1121 189 1259 233 acutis

183 268 219 295 30
238 252 415 296 naribus
441 252 594 295 horum
621 251 860 302 hominum,
887 250 1019 293 rideri
1044 249 1182 306 possit
1205 264 1254 292 eo
1277 247 1391 305 quod

198 340 202 343 -
239 311 443 355 rusticius
470 317 592 354 tonso
619 316 722 366 toga
746 309 910 353 defluit
935 310 977 352 et
1004 308 1115 352 male
1140 308 1264 352 laxus

237 371 285 414 in
307 371 415 428 pede
440 371 603 414 calceus
627 369 773 412 haeret
796 392 850 399 —
874 375 921 413 at
944 375 1007 412 est
1031 368 1181 420 bonus,
1206 374 1255 411 ut
1279 367 1432 410 melior
1453 366 1520 410 vir

238 445 323 473 non
334 430 446 473 alius
456 429 700 485 quisquam,
717 434 763 471 at
777 428 861 471 tibi
877 428 1053 479 amicus,
1071 433 1116 470 at
1125 426 1354 483 ingenium
1367 426 1522 482 ingens

237 490 403 533 inculto
431 489 540 532 latet
570 489 647 531 hoc
674 487 755 531 sub
783 502 972 544 corpore.
1013 487 1198 543 denique
1227 492 1269 529 te
1298 486 1441 542 ipsum

184 564 218 591 35
239 555 429 600 concute,
463 563 655 603 numqua
689 547 773 590 tibi
804 547 1013 590 vitiorum
1044 545 1250 589 inseverit
1281 545 1386 588 olim

237 614 394 651 natura
420 614 499 651 aut
529 607 662 650 etiam
689 607 951 650 consuetudo
980 606 1117 659 mala;
1154 620 1339 662 namque

238 666 445 723 neglectis
475 666 637 710 urenda
667 665 774 709 filix
802 665 1045 709 innascitur
1073 664 1203 721 agris.

237 727 342 770 illuc
366 732 701 783 praevertamur,
728 731 966 768 amatorem
990 724 1105 781 quod
1129 724 1292 767 amicae

238 786 386 842 turpia
410 786 636 842 decipiunt
662 800 833 828 caecum
856 785 966 828 vitia
991 791 1068 828 aut
1092 783 1224 827 etiam
1250 783 1344 840 ipsa
1369 782 1470 829 haec

185 861 220 888 40
239 846 466 896 delectant,
490 844 626 888 veluti
655 844 892 888 Balbinum
914 844 1101 901 polypus
1126 843 1323 899 Hagnae.

236 905 391 949 vellem
417 904 466 948 in
493 903 689 947 amicitia
713 903 775 946 sic
802 919 1040 947 erraremus
1067 909 1110 946 et
1134 902 1211 946 isti

240 964 373 1008 errori
404 979 562 1007 nomen
593 963 732 1006 virtus
765 964 977 1019 posuisset
1011 963 1251 1006 honestum.

238 1039 286 1067 ac
310 1029 433 1080 pater
462 1029 510 1066 ut
534 1022 673 1079 gnati,
699 1022 761 1065 sic
786 1038 863 1066 nos
888 1022 1092 1065 debemus
1117 1020 1246 1065 amici

237 1083 391 1140 siquod
421 1083 479 1126 sit
508 1082 668 1125 vitium
697 1097 784 1125 non
812 1081 1040 1124 fastidire:
1076 1081 1320 1124 strabonem

184 1158 218 1184 45
238 1142 429 1199 appellat
460 1148 635 1198 paetum
667 1147 803 1197 pater,
835 1147 878 1184 et
907 1140 1092 1198 pullum,
1125 1140 1236 1183 male
1266 1155 1418 1196 parvos

238 1202 348 1245 sicui
375 1201 503 1244 filius
532 1206 608 1252 est,
637 1207 687 1244 ut
713 1200 931 1243 abortivos
958 1200 1050 1243 suit
1076 1200 1182 1243 olim

239 1261 476 1318 Sisyphus;
512 1260 625 1303 hunc
652 1275 804 1303 varum
830 1260 1027 1302 distortis
1054 1259 1263 1309 cruribus,
1291 1258 1416 1301 illum

239 1320 430 1364 balbutit
456 1335 657 1363 scaurum
687 1319 832 1375 pravis
860 1319 1027 1362 fultum
1056 1318 1167 1362 male
1197 1317 1310 1361 talis.

238 1380 410 1437 parcius
438 1379 507 1422 hic
536 1379 671 1421 vivit:
705 1378 830 1435 frugi
858 1378 1052 1431 dicatur;
1088 1378 1262 1434 ineptus

185 1455 221 1482 50
240 1445 282 1483 et
311 1439 545 1483 iactantior
576 1438 645 1481 hic
674 1438 822 1494 paullo
853 1444 940 1481 est:
975 1437 1210 1481 concinnus
1239 1435 1390 1480 amicis

238 1499 431 1556 postulat
464 1504 512 1542 ut
544 1497 767 1550 videatur3
807 1504 853 1541 at
885 1503 949 1540 est
981 1497 1267 1540 truculentior
1298 1502 1427 1552 atque

238 1559 336 1615 plus
364 1573 500 1615 aequo
528 1557 664 1600 liber:
698 1557 883 1613 simplex
912 1557 1126 1613 fortisque
1154 1555 1384 1608 habeatur;

239 1618 403 1661 caldior
431 1623 517 1660 est:
554 1617 664 1660 acris
690 1616 806 1659 inter
832 1622 1106 1659 numeretur:
1142 1639 1196 1644 —
1226 1615 1392 1671 opinor,
1422 1638 1424 1641 .

240 1677 340 1720 haec
370 1692 435 1720 res
466 1682 508 1720 et
536 1676 699 1732 iungit,
729 1676 899 1719 iunctos
928 1682 970 1718 et
999 1681 1137 1718 servat
1166 1675 1336 1718 amieos.

185 1753 220 1779 55
239 1743 284 1780 at
316 1752 391 1779 nos
423 1736 607 1778 virtutes
638 1735 753 1791 ipsas
785 1735 1041 1778 invertimus
1073 1740 1201 1790 atquc
1265 1735 1268 1738 ’

279 1841 599 1888 φιαΒΒΕΚ
693 1839 896 1887 ΘιΦ(--
916 1840 1027 1884 Fu)

281 1924 331 1960 29
357 1925 467 1969 aptus
485 1924 533 1971 Q
552 1924 686 1969 Por-ph.
708 1924 749 1966 (i.
762 1923 868 1959 schol.
885 1922 982 1966 ΓΡ),
1007 1922 1113 1957 actus
1137 1922 1167 1956 Φ
1233 1920 1353 1955 acutis
1377 1919 1529 1955 naribus

187 1972 330 2008 adhibet
355 1974 494 2008 Auson.
521 1971 623 2017 idyzl.
650 1975 685 2014 1,
706 1974 746 2014 1,·
783 1971 828 2014 cf.
855 1971 964 2006 etiam
996 1969 1130 2015 Porph.
1157 1970 1196 2012 (i.
1216 1968 1322 2004 schol.
1346 1970 1380 2002 Γ
1389 1967 1433 2011 V)

186 2018 238 2056 34
264 2030 416 2065 corpore
440 2019 488 2065 Q
512 2019 646 2065 Porph.
673 2019 714 2062 (i.
739 2018 846 2054 schal.
873 2017 982 2061 PV)‚
1019 2018 1168 2062 pectore
1195 2017 1226 2050 Φ
1353 2014 1404 2050 85
1439 2025 1530 2050 num

187 2078 261 2112 qua
284 2067 332 2114 Q
355 2066 405 2114 Q
430 2067 583 2112 Porph„
607 2067 849 2111 nun(c)quam
875 2064 1019 2106 BK12,
1043 2074 1157 2108 nunq.
1177 2063 1218 2099 E
1287 2061 1465 2098 inseuerit

189 2116 341 2160 Porph„
366 2114 546 2150 insederit
573 2115 603 2149 Φ
710 2112 758 2148 37
788 2112 865 2147 filix
888 2112 952 2159 Q,
984 2111 1070 2147 filex
1097 2113 1127 2146 Φ
1240 2109 1291 2146 38
1317 2110 1458 2146 amicae

187 2163 322 2204 Porph.
344 2164 384 2206 (i.
404 2163 509 2198 schol.
532 2162 628 2206 TV),
653 2160 764 2196 amici
792 2163 823 2196 Φ
918 2158 969 2195 43
994 2160 1048 2194 Ac
1071 2158 1129 2205 Q,
1155 2158 1205 2193 At
1229 2158 1304 2193 aK
1309 2159 1340 2193 Φ
1417 2156 1529 2192 amici

186 2211 234 2258 Q
251 2210 311 2259 Θ,
337 2209 467 2245 amicis
493 2210 529 2245 B
601 2207 652 2244 44
677 2209 721 2244 ob
746 2207 917 2243 fastidire
943 2207 1154 2242 strabonem
1174 2205 1345 2241 ‘exhibent
1368 2204 1529 2250 exempla

194 2259 310 2294 Vatic.
330 2260 378 2294 69
396 2257 469 2302 (Sit
487 2256 600 2302 quod)
673 2255 720 2291 47
750 2255 847 2291 hunc
867 2275 911 2282 -—
932 2254 1099 2290 cruribus
1117 2254 1161 2289 ob
1180 2264 1288 2288 varus
1311 2253 1417 2289 schol.
1437 2252 1528 2288 Stat.

192 2306 296 2342 Theb.
318 2308 353 2348 6,
366 2308 438 2341 851
511 2303 563 2340 48
582 2305 625 2340 ob
643 2303 809 2339 balbutit
828 2303 894 2339 dat
912 2302 1041 2338 Micon
1060 2303 1108 2337 52
1173 2299 1324 2336 52-55
1343 2301 1473 2336 omis.
1488 2301 1530 2335 Β

188 2353 237 2390 55
263 2352 484 2388 inuertimus
508 2352 557 2399 Q
573 2351 633 2399 Θ,
660 2351 910 2387 conuertimus
937 2351 978 2386 K
