1586 2514
6 0 38 210 Ξ
578 81 934 119 EPIS'1.117.18.
1350 79 1434 123 281

16 203 26 231 1
78 183 355 242 principibus
379 183 592 243 placuisse
615 183 724 228 viris
747 198 836 227 non
862 182 1020 227 ultima
1045 182 1140 227 laus
1167 187 1244 226 est.
1402 196 1438 223 35

11 278 14 283 .
78 259 166 288 non
194 243 333 289 cuivis
363 244 532 289 homini
561 243 783 301 contingit
811 243 945 287 adire
964 242 1242 286 Corinthum.

8 310 17 321 ·’
77 303 192 348 sedit
216 304 295 362 qui
325 305 492 358 timuit,
521 319 575 349 ne
601 318 690 348 non
716 303 974 348 succederet.
1015 302 1132 346 esto.

77 363 222 421 quid?
259 364 338 422 qui
369 364 569 423 pervenit
597 363 762 408 fecitne
792 362 1008 407 viriliter
998 362 1031 395 ‘³'
1063 361 1188 420 atqui

15 420 18 428 ⁴
78 423 150 468 hic
164 429 229 469 est
243 430 322 468 aut
338 439 568 493 nusquam,
583 423 701 482 quod
716 423 980 480 quaerimus.
1009 422 1080 466 hic
1097 438 1205 466 onus
1223 421 1382 475 horret,

71 489 129 528 vut
151 484 298 541 parvis
323 484 486 529 animis
508 489 555 528 et
577 498 711 542 parvo
736 498 914 540 corpore
940 483 1106 536 maius;
1402 498 1438 525 40

81 543 152 588 bic
174 543 295 589 subit
314 550 362 588 et
383 543 565 602 perfert.
597 549 678 588 aut
698 542 839 587 virtus
862 558 1022 586 nomen
1043 543 1174 586 inane
1198 548 1276 595 est,

77 609 156 648 aut
175 604 305 649 decus
328 610 372 648 et
394 603 587 662 pretium
608 609 722 647 recte
744 603 858 661 petit
881 603 1107 660 experiens
1128 602 1209 646 vir.

79 678 224 708 coram
253 679 356 722 rege
383 679 462 709 suo
491 663 544 708 de
572 669 830 721 paupertate
861 669 1051 707 tacentes

76 724 176 781 plus
205 730 407 782 poscente
437 724 607 768 ferent:
641 723 795 775 distat,
827 739 1028 767 sumasne
1058 723 1272 780 pudenter

76 799 134 828 an
158 783 318 841 rapias.
355 784 481 842 atqui
507 799 652 828 rerum
679 789 812 840 caput
838 783 917 826 hoc
945 789 1052 836 erat,
1081 783 1151 827 hic
1179 783 1293 827 fons.
1402 798 1436 825 ⁴5

77 843 291 887 indotata
322 843 435 887 mihi
464 857 586 888 soror
616 849 695 895 est,
728 843 995 900 paupercula
1026 849 1180 895 mater,

76 908 120 946 et
145 903 314 947 fundus
342 918 420 947 nec
447 902 684 948 vendibilis
710 918 788 946 nec
816 918 988 959 pascere
1017 902 1194 946 firmus'

75 962 153 1019 qui
177 962 302 1014 dicit,
329 963 490 1007 clamat
513 961 692 1006 ‘victum
716 961 847 1006 date!
880 962 1069 1006 succinit
1094 962 1206 1006 alter

77 1021 133 1066 ‘et
163 1021 306 1066 mihi!
347 1022 530 1066 dividuo
559 1022 763 1066 findetur
793 1038 971 1066 munere
1001 1023 1182 1079 quadra.

74 1081 148 1127 sed
178 1082 339 1126 tacitus
367 1081 487 1139 pasci
513 1082 554 1126 si
582 1088 726 1139 posset
753 1097 915 1135 corvos,
947 1082 1126 1126 haberet
1397 1097 1437 1123 50

78 1141 178 1199 plus
202 1141 332 1199 dapis
360 1147 404 1186 et
431 1142 552 1186 rixae
582 1142 723 1186 multo
751 1142 898 1186 minus
924 1142 1218 1199 invidiaeque.

77 1201 368 1246 Brundisium
395 1216 537 1246 comes
565 1207 645 1246 aut
674 1201 936 1247 Surrentum
965 1202 1121 1246 ductus
1151 1217 1382 1246 amoenum

77 1261 156 1319 qui
177 1261 379 1319 queritur
398 1261 585 1306 salebras
607 1268 651 1306 et
673 1262 876 1306 acerbum
898 1262 1044 1319 frigus
1067 1268 1111 1306 et
1130 1261 1286 1306 imbris

73 1327 152 1365 aut
178 1321 336 1365 cistam
365 1321 604 1366 effractam
630 1328 678 1366 et
705 1322 919 1366 subducta
947 1323 1109 1365 viatica
1140 1321 1298 1379 plorat,

74 1386 178 1425 nota
209 1381 349 1425 refert
378 1381 618 1425 meretricis
650 1382 867 1434 acumina,
900 1398 1027 1438 saepe
1057 1382 1272 1434 catellam,
1399 1398 1435 1423 55

73 1456 199 1498 saepe
227 1441 529 1498 periscelidem
557 1447 729 1498 raptam
756 1442 843 1485 sibi
873 1442 1042 1492 flentis,
1075 1441 1142 1485 uti
1172 1457 1273 1485 mox

74 1500 198 1545 nulla
225 1500 343 1545 fides
372 1500 546 1545 damnis
573 1502 773 1559 verisque
803 1501 1027 1545 doloribus
1056 1501 1186 1545 adsit.

74 1576 151 1605 nec
176 1560 311 1605 semel
338 1560 502 1605 inrisus
530 1561 676 1605 triviis
704 1561 904 1605 attollere
933 1568 1057 1605 curat

74 1621 218 1665 fracto
245 1635 368 1665 crure
396 1620 592 1678 planum,
622 1622 726 1665 licet
753 1621 824 1664 illi
852 1622 1044 1678 plurima
1074 1628 1221 1665 manet

73 1680 269 1732 lacrima,
299 1696 378 1738 per
403 1686 603 1725 sanctum
633 1682 804 1725 iuratus
833 1681 951 1725 dicat
981 1681 1172 1725 Osirim:
1399 1697 1437 1723 60

75 1739 265 1792 ‘credite,
294 1755 382 1784 non
409 1739 538 1794 ludo;
575 1741 781 1792 crudeles,
812 1740 955 1784 tollite
982 1741 1218 1785 claudum.'

77 1799 248 1857 ‘quaere
271 1799 566 1856 peregrinum'
590 1800 754 1844 vicinia
778 1816 907 1844 rauca
933 1801 1152 1846 reclamat.

659 1962 843 2006 XVIII.

79 2039 128 2083 Si
157 2039 263 2083 bene
292 2045 334 2083 te
363 2040 479 2099 novi,
512 2046 690 2091 metues,
720 2040 944 2084 liberrime
974 2041 1106 2092 Lolli,

72 2099 311 2143 scurrantis
341 2100 526 2156 speciem
559 2100 776 2157 praebere,
811 2101 1031 2157 professus
1061 2101 1264 2145 amicum.

75 2164 124 2203 ut
149 2164 350 2202 matrona
376 2160 594 2204 meretrici
622 2160 771 2217 dispar
797 2161 882 2204 erit
907 2167 1038 2218 atque

165 2241 236 2290 Q).
227 2241 400 2278 αΑἘ
492 2242 674 2291 &Ro

167 2312 219 2350 88
245 2314 419 2360 peruenit
442 2314 574 2363 φῶ,
600 2315 816 2361 peruenerit
844 2317 875 2350 Φ
990 2313 1041 2350 43
1068 2327 1134 2351 suo
1159 2316 1208 2362 G>
1225 2316 1291 2363 Θ,
1319 2327 1386 2351 sua
1413 2330 1433 2356 ς

71 2359 123 2398 44
148 2324 292 2398 ferent
293 2361 344 2410 ᾧ
359 2361 426 2412 Q,
456 2363 583 2398 terunt
608 2363 648 2399 E
