1586 2514
180 106 267 150 222
726 109 865 146 SERM.
892 110 926 146 11
951 115 982 148 a.

250 207 439 262 coeperis
464 207 624 263 inpexa
651 208 830 251 foedum
859 211 1105 264 porrigine?
1137 224 1276 266 quare,

248 265 286 307 si
313 265 488 321 quidvis
516 267 622 310 satis
648 273 725 319 est,
753 267 963 324 periuras,
991 268 1189 326 surripis,
1217 270 1366 314 aufers
1416 279 1418 281 ’

251 324 477 380 undique?
511 331 591 369 tun
617 328 779 370 sanus?
811 328 1021 384 populum
1046 329 1084 372 si
1110 329 1283 373 caedere
1307 329 1423 374 saxis

249 383 434 440 incipias
465 399 656 429 servosve
689 392 800 438 tuos,
831 401 940 443 quos
968 402 1063 431 aere
1094 386 1281 445 pararis,

182 457 232 484 130
251 443 453 486 insanum
484 450 525 487 te
558 459 703 488 omnes
733 446 857 501 pueri
888 446 1157 503 clamentque
1187 447 1378 504 puellae3

250 518 347 545 cum
369 502 523 559 laqueo
547 519 725 547 uxorem
747 505 964 549 interimis
986 512 1253 564 matremque
1271 523 1448 560 veneno,

243 563 447 604 incolumi
461 566 597 618 capite
611 578 652 605 es
662 565 683 606 P
704 564 806 619 quid
819 566 960 606 enim?
979 579 1114 620 neque
1127 568 1174 607 tu
1189 566 1268 608 hoc
1280 566 1383 609 facis
1394 565 1523 623 Argis

249 637 328 663 nec
355 622 474 665 ferro
505 628 553 665 ut
579 623 752 667 demens
778 625 1041 680 genetricem
1070 625 1228 669 occidis
1256 625 1438 670 Orestes.

247 696 303 723 an
329 686 377 724 tu
405 681 512 725 reris
537 697 636 725 eum
661 683 800 726 occisa
825 684 1034 727 insanisse
1058 690 1236 741 parente

179 755 229 781 135
248 755 296 782 ac
320 755 406 783 non
431 747 532 784 ante
554 742 681 785 malis
705 742 948 786 dementem
970 749 1116 787 actum
1139 743 1291 788 Furiis
1313 761 1443 802 quam

247 799 296 842 in
318 800 470 843 matris
494 801 650 857 iugulo
670 801 837 845 ferrum
861 803 1069 859 tepefecit
1089 805 1299 848 acutum?

245 859 368 915 quin,
388 875 440 903 ex
458 875 546 916 quo
563 866 627 904 est
644 861 819 905 habitus
836 862 949 905 male
966 868 1085 906 tutae
1103 863 1260 907 mentis
1278 863 1463 917 Orestes,

248 918 312 960 nil
334 934 435 962 sane
459 920 568 963 fecit
589 920 705 976 quod
729 926 777 964 tu
800 921 1107 977 reprehendere
1129 923 1289 979 possis:

247 993 333 1021 non
360 978 558 1034 Pyladen
587 980 705 1023 ferro
730 980 892 1024 violare
918 996 1097 1025 aususve
1124 997 1310 1026 sororem

178 1052 228 1078 140
251 1038 467 1090 Electran,
492 1044 664 1097 tantum
689 1039 912 1083 maledicit
935 1040 1108 1097 utrique
1129 1041 1319 1085 vocando

247 1097 354 1140 hanc
372 1096 572 1150 Furiam,
593 1098 706 1142 hunc
722 1098 859 1151 aliud,
877 1099 1006 1143 iussit
1022 1100 1137 1156 quod
1155 1100 1383 1157 splendida
1400 1101 1514 1146 bilis.

245 1171 409 1212 pauper
442 1156 646 1213 Opimius
679 1158 851 1215 argenti
881 1158 1015 1215 positi
1046 1158 1165 1203 intus
1197 1166 1240 1203 et
1270 1160 1380 1207 auri.

244 1215 321 1271 qui
349 1215 638 1260 Veientanum
668 1217 794 1260 festis
820 1224 971 1274 potare
997 1218 1151 1262 diebus

245 1275 469 1331 Campana
494 1276 651 1319 solitus
680 1276 814 1320 trulla
840 1293 1112 1334 vappamque
1137 1278 1358 1335 profestis,

176 1349 226 1376 145
244 1335 464 1390 quondam
489 1335 686 1392 lethargo
713 1336 869 1392 grandi
893 1343 958 1380 est
983 1349 1222 1394 oppressus,
1249 1343 1298 1382 ut
1322 1338 1440 1382 heres

244 1394 333 1436 iam
359 1394 521 1437 circum
548 1395 709 1438 loculos
733 1401 777 1438 et
801 1396 932 1439 clavis
956 1395 1095 1440 laetus
1121 1412 1334 1454 ovansque

246 1460 446 1497 curreret.
483 1454 596 1498 hunc
621 1455 812 1498 medicus
838 1455 1026 1499 multum
1052 1456 1163 1500 celer
1186 1462 1315 1514 atque
1340 1457 1491 1500 fidelis

244 1513 406 1556 excitat
438 1514 516 1556 hoc
550 1520 698 1570 pacto:
737 1530 928 1558 mensam
961 1516 1065 1572 poni
1097 1515 1219 1559 iubet
1250 1522 1379 1573 atque

242 1572 422 1616 effundi
450 1588 590 1616 saccos
619 1589 909 1626 nummorum,
939 1574 1135 1618 accedere
1161 1574 1305 1631 plures

174 1647 225 1673 150
243 1632 298 1675 ad
315 1632 656 1676 numerandum:
681 1633 900 1676 hominem
914 1634 976 1676 sic
990 1633 1149 1690 'erigit;
1171 1633 1298 1678 addit
1312 1640 1355 1678 et
1368 1634 1506 1678 illud:

243 1691 302 1734 ‘ni
326 1697 403 1734 tua
426 1692 630 1743 custodis,
654 1692 807 1735 avidus
828 1692 917 1736 iam
941 1692 1042 1736 haec
1065 1693 1236 1737 auferet
1257 1693 1406 1737 heres!

239 1750 351 1792 ‘men
363 1753 459 1793 vivo
469 1750 506 1793 ‘?’
528 1751 592 1792 ‘ut
604 1754 720 1792 vivas
734 1754 878 1806 igitur,
891 1753 1034 1807 vigila.
1053 1752 1134 1794 hoc
1147 1751 1251 1808 age?
1272 1751 1389 1808 ‘quid
1403 1756 1465 1795 vis
1473 1752 1511 1796 ‘2’

242 1809 469 1853 ‘deficient
495 1810 670 1867 inopem
699 1826 829 1854 venae
858 1817 914 1863 te,
945 1811 990 1854 ni
1021 1811 1142 1855 cibus
1170 1818 1300 1869 atque

241 1870 394 1926 ingens
422 1870 589 1913 accedit
617 1870 835 1913 stomacho
863 1870 1035 1914 fultura
1061 1871 1218 1915 ruenti.

170 1945 220 1971 155
240 1935 289 1972 tu
317 1930 485 1972 cessas?
525 1929 725 1985 agedum,
754 1945 874 1972 sume
902 1930 980 1972 hoc
1008 1929 1297 1986 ptisanarium
1326 1931 1508 1987 oryzae!

260 2045 479 2091 (DzaDE
571 2045 702 2092 ΘεΦ

263 2139 337 2176 128
367 2141 436 2175 tun
468 2140 571 2186 (tunc
597 2140 649 2185 D)
682 2151 792 2184 sanus
822 2141 886 2187 Q,
917 2142 960 2176 tu
991 2139 1143 2176 insanus
1171 2141 1201 2176 Φ
1322 2140 1397 2177 129
1427 2143 1511 2178 tuos

165 2189 214 2236 Q
236 2188 302 2236 Q,
337 2189 402 2223 tuo
431 2189 535 2224 Goth.
562 2200 583 2227 ς
706 2187 781 2224 142
807 2188 966 2234 opimius
990 2187 1039 2235 Q
1072 2189 1261 2234 (Parma),
1298 2188 1444 2235 opimus
1481 2191 1512 2225 Φ

168 2235 242 2271 152
269 2235 360 2282 quid
384 2236 443 2282 Q,
468 2235 568 2280 quod
594 2235 693 2271 D111)
778 2235 852 2271 158
878 2235 1062 2272 Deficient
1083 2235 1133 2283 Q
1200 2263 1209 2280 ,
1235 2235 1420 2272 Deficiunt
1443 2236 1510 2277 Ες

167 2282 243 2319 154
281 2284 428 2319 accedit
457 2284 506 2330 Q
528 2283 595 2331 Q,
634 2283 790 2319 accedat
820 2283 885 2318 D).
1000 2282 1076 2319 155
1111 2294 1156 2319 su
1215 2283 1376 2320 lemmate
1412 2283 1510 2320 oriza

165 2332 327 2376 exempla
347 2331 460 2366 Vatic.
475 2334 551 2367 259
598 2330 820 2366 tisanarium
841 2332 930 2376 (tys-
953 2332 984 2365 Φ
1008 2341 1062 2367 ex.
1085 2331 1180 2376 Vat.)
1198 2331 1246 2378 Q
1262 2330 1314 2378 ᾧ)
1331 2332 1510 2378 (exempla

173 2379 304 2422 Vatic.)
