1586 2514
174 99 261 142 230
724 100 863 136 SERM.
890 101 922 136 11
942 105 975 138 4.

228 197 336 254 ‘ipsa
367 213 530 241 memor
559 204 788 255 praccepta
817 214 982 251 canam,
1012 199 1224 244 celabitur
1253 209 1414 245 auctor.
1475 223 1478 226 >

228 257 359 313 longa
388 257 547 312 quibus
576 257 712 300 facies
743 258 834 301 ovis
863 259 960 310 erit,
991 259 1069 301 illa
1099 265 1326 312 memento,

229 322 278 358 ut
302 316 392 359 suci
419 316 611 359 melioris
636 322 680 359 et
704 323 753 360 ut
778 318 918 374 magis
943 318 1043 360 alba
1067 318 1279 370 rotundis,

227 390 409 431 ponere:
442 390 628 431 namque
654 392 814 419 marem
841 377 1043 419 cohibent
1068 376 1224 420 callosa
1248 377 1460 422 vitellum.

176 450 208 476 15
228 434 348 477 caule
374 434 622 477 suburbano
648 435 724 490 qui
753 436 875 478 siccis
902 436 1036 478 crevit
1062 435 1109 478 in
1136 435 1253 492 agris

227 493 409 544 dulcior,
439 493 616 549 inriguo
643 494 756 536 nihil
784 500 847 537 est
873 494 1033 537 elutius
1061 495 1197 537 horto.

226 552 264 594 si
291 552 562 607 vespertinus
587 553 734 596 subito
760 559 802 596 te
829 553 1087 609 oppresserit
1114 553 1277 610 hospes,

228 627 281 653 ne
303 611 470 667 gallina
492 611 655 655 malum
679 618 897 668 responset
918 612 1027 655 dura
1049 611 1209 668 palato,

227 670 378 713 doctus
405 671 490 714 eris
513 671 656 714 vivam
684 678 825 714 musto
852 686 1035 714 mersare
1061 671 1273 715 Falerno:

174 744 210 771 20
230 730 307 772 hoc
340 736 532 773 teneram
564 731 711 773 faciet.
755 730 1027 787 pratensibus
1059 731 1225 787 optima
1257 732 1410 788 fungis

229 794 385 832 natura
412 796 498 842 est;
532 790 633 832 aliis
661 790 771 832 male
797 790 1000 832 creditur.
1046 789 1121 832 illc
1147 790 1333 834 salubris

228 854 411 891 aestates
438 855 615 904 peraget
640 849 717 904 qui
746 849 884 904 nigris
911 849 1095 905 prandia
1122 849 1254 899 moris

229 907 376 958 finiet,
408 914 507 950 ante
534 923 709 964 gravem
737 923 846 964 quae
874 908 1030 964 legerit
1056 908 1207 951 arbore
1234 908 1380 952 solem.

229 966 448 1010 Aufidius
474 966 584 1009 forti
611 967 818 1010 miscebat
845 967 973 1010 mella
999 967 1201 1019 Falerno,

175 1041 209 1067 25
229 1026 443 1077 mendose,
472 1026 679 1082 quoniam
706 1026 852 1069 vacuis
881 1027 1134 1079 conmittere
1161 1026 1280 1069 venis

229 1085 294 1127 nil
322 1085 408 1127 nisi
437 1085 532 1128 lene
559 1084 706 1128 decet:
744 1084 831 1128 leni
860 1085 1111 1140 praecordia
1139 1085 1278 1129 mulso

229 1144 441 1199 prolueris
467 1144 634 1186 melius.
669 1144 705 1186 si
731 1144 838 1187 dura
864 1144 1104 1187 morabitur
1127 1144 1258 1196 alvos,

230 1203 411 1245 mitulus
439 1209 482 1245 et
506 1202 613 1245 viles
640 1202 802 1258 pellent
829 1203 1046 1245 obstantia
1071 1203 1255 1246 conchae

229 1268 272 1304 et
300 1262 468 1318 lapathi
497 1262 638 1305 brevis
666 1262 810 1313 herba,
840 1262 911 1304 sed
941 1262 1040 1305 albo
1069 1278 1156 1306 non
1184 1263 1276 1306 sine
1305 1263 1407 1306 Coo.

176 1337 211 1362 30
230 1321 397 1364 lubrica
426 1326 645 1364 nascentes
671 1321 842 1377 inplent
868 1321 1094 1376 conchylia
1120 1321 1272 1374 lunae;

228 1380 301 1422 sed
328 1395 414 1423 non
439 1395 563 1422 omne
589 1395 706 1423 mare
730 1385 794 1422 est
818 1395 1045 1436 generosae
1071 1381 1220 1424 fertile
1246 1386 1403 1425 testae:

230 1439 393 1482 murice
425 1439 593 1482 Baiano
622 1439 776 1482 melior
804 1439 995 1482 Lucrina
1023 1439 1196 1495 peloris,

230 1504 369 1541 ostrea
400 1498 577 1550 Circeis,
607 1498 780 1541 Miseno
811 1498 1012 1541 oriuntur
1040 1498 1196 1551 echini,

229 1557 475 1614 pectinibus
502 1557 666 1614 patulis
691 1557 825 1600 iactat
851 1573 894 1600 se
922 1557 1051 1601 molle
1079 1558 1330 1602 Tarentum.

267 1650 488 1696 (DnzDE
579 1649 710 1697 de⁵

271 1732 317 1767 11
338 1732 425 1778 Ipsa
443 1733 491 1779 G)
507 1732 569 1780 Q,
587 1732 671 1778 Ipse
691 1732 758 1772 Βς
828 1731 1012 1768 celabitur
1029 1733 1077 1780 Θ
1096 1733 1231 1778 Porph.
1245 1734 1286 1778 (i.
1299 1734 1405 1771 schol.
1422 1735 1520 1780 PV),

173 1779 425 1815 celebrabitur
452 1782 483 1815 Φ
567 1778 716 1815 12-14
739 1780 817 1816 suis
841 1780 956 1816 verbis
979 1785 1131 1817 enarrat
1154 1782 1253 1817 Ptin.
1273 1785 1349 1818 nat.
1370 1784 1429 1826 10,
1449 1785 1519 1818 145

175 1826 224 1862 18
250 1826 338 1862 alba
362 1828 410 1874 (D
500 1828 607 1864 schol.
628 1827 708 1870 PV,
733 1826 833 1862 alma
852 1828 1006 1874 Bentley
1078 1826 1128 1863 14
1154 1827 1330 1864 cohibent
1352 1829 1411 1876 ᾷ),
1435 1839 1520 1875 pro-

172 1873 305 1910 hibent
326 1877 357 1910 Φ
456 1874 480 1910 5
506 1873 592 1909 Cole
613 1873 729 1919 (Colle
748 1874 816 1919 ΓΖ)
835 1874 883 1921 Q)
899 1874 950 1922 Q
968 1875 1106 1911 Bland.
1124 1876 1231 1912 schol.
1247 1876 1322 1911 I'V
1338 1918 1342 1920 ,
1387 1874 1437 1912 18
1461 1887 1519 1912 re-

174 1923 325 1967 sponset
352 1924 400 1965 Φ,
431 1923 628 1967 responsat
652 1933 693 1965 a,
727 1922 930 1967 respondet
953 1922 993 1958 D
1012 1922 1053 1957 Ε
1071 1922 1176 1959 Goth.
1274 1922 1324 1958 19
1347 1924 1471 1959 musto
1496 1935 1519 1964 ς

174 1970 339 2016 Bentley,
364 1969 480 2004 mixto
499 1969 548 2016 Q)
564 1969 615 2017 Q
686 1968 736 2004 22
761 1971 918 2015 peraget
933 1969 993 2017 Q,
1014 1969 1164 2015 peragit
1180 1970 1248 2017 (DZ
1319 1969 1369 2006 28
1395 1969 1519 2014 Quod-

173 2027 245 2060 que
270 2016 362 2052 ratis
394 2016 528 2052 melius
554 2015 675 2051 verbis
706 2016 870 2051 dicemus
896 2016 1044 2053 Horati:
1078 2016 1233 2052 Mitulus
1265 2027 1295 2052 e.
1315 2029 1348 2053 v.
1372 2017 1519 2064 pellunt

175 2064 258 2108 (sic)
279 2074 310 2099 0.
326 2075 356 2099 c.
371 2063 445 2099 Ser.
457 2064 592 2099 Samm.
605 2066 679 2099 528
745 2063 796 2098 29
815 2063 992 2099 Horatius
1012 2063 1106 2099 dicit
1124 2063 1239 2100 Coum
1257 2064 1385 2100 vinum
1403 2065 1517 2101 Schol.

172 2111 316 2146 Lucan.
337 2114 374 2154 8,
386 2113 470 2147 247.
515 2110 588 2146 Coo
608 2110 853 2146 derivativum
873 2112 939 2154 est,
965 2112 1128 2146 ceterum
1146 2110 1354 2157 principale
1373 2113 1430 2148 est
1448 2110 1517 2148 Cos

172 2158 242 2204 frq.
264 2158 356 2194 Bob.
375 2170 525 2204 yramm.
547 2158 629 2193 VII
644 2161 727 2201 542,
747 2161 771 2193 6
889 2157 939 2194 32
964 2159 1006 2194 ob
1031 2158 1173 2194 Baiano
1199 2158 1357 2194 Lucrina
1380 2158 1517 2205 peloris

173 2207 332 2250 exempla
354 2206 468 2241 Vatie.
482 2208 553 2241 261
602 2205 742 2240 murice
764 2205 896 2241 baiano
909 2205 1019 2253 (DQ
1038 2207 1184 2252 Porph„
1208 2216 1336 2241 murex
1355 2206 1516 2242 Baianus

173 2253 308 2298 Snape,
333 2257 373 2289 at
396 2257 487 2288 recte
511 2254 772 2307 interpretatur·
796 2254 930 2307 ᾘονρὴ.
1015 2252 1065 2289 38
1090 2254 1133 2290 ob
1152 2254 1253 2299 plur.
1273 2255 1396 2289 ostrea
1420 2253 1516 2291 Serv.

175 2301 1064 2399 32⁰3&ss{3323ssmmg‘gssuizzssngtfggzzffiffl
1084 2301 1459 2396 202'1‘2238.''3a{73⁵,⁷?5,
1471 2305 1519 2387 ἐξ»
