1586 2514
607 87 749 125 SERM.
774 87 810 124 11
827 91 860 125 8.
1331 88 1419 132 249

61 186 219 232 ‘nullos
247 186 317 232 his
343 186 520 232 mallem
545 187 673 232 ludos
699 192 935 244 spectasse3
971 187 1044 231 sed
1072 187 1152 231 illa

61 246 205 299 redde,
239 262 333 304 age,
365 262 476 305 quae
506 246 709 304 deinceps
740 246 910 291 risisti?
951 246 1171 291 ‘Vibidius
1202 247 1308 292 dum
1381 263 1417 291 80

59 306 233 364 quaerit
260 307 317 351 d'e
343 307 505 365 pueris,
534 323 641 351 num
669 307 730 351 sit
756 322 927 364 quoque
956 308 1099 351 fracta
1128 307 1324 365 lagoena,

57 366 174 424 quod
202 366 289 411 sibi
316 367 512 425 poscenti
537 382 624 411 non
651 367 812 411 dentur
838 367 1008 424 pocula,
1038 367 1228 425 dumque

57 425 228 471 ridetur
258 427 383 472 fictis
413 442 558 472 rerum
591 426 827 471 Balatrone
858 427 1059 479 secundo,

59 486 312 540 Nasidiene,
341 487 458 531 redis
482 492 678 531 mutatae
702 487 879 539 frontis,
907 493 958 531 ut
982 493 1074 531 arte

59 546 367 591 emendaturus
387 547 638 600 fortunam3
668 546 826 590 deinde
848 547 985 591 secuti
1381 563 1416 590 εδ

57 621 310 656 mazonomo
335 606 462 664 pueri
486 621 647 664 magno
669 606 888 664 discerpta
911 608 1102 651 ferentes

57 666 251 711 membra
277 667 402 724 gruis
424 667 564 724 sparsi
588 666 676 710 sale
701 666 842 711 multo
866 682 954 711 non
978 667 1071 711 sine
1096 667 1228 720 farre,

55 726 299 784 pinguibus
329 732 373 771 et
399 726 505 771 ficis
531 732 707 784 paetum
735 727 855 771 iecur
883 726 1047 771 anseris
1075 727 1199 771 albae

55 792 100 830 et
122 787 322 844 leporum
344 786 524 839 avolsos,
548 792 599 830 ut
621 786 762 830 multo
784 787 973 839 suavius,
998 802 1154 839 armos,

55 861 188 902 quam
214 845 255 890 si
283 861 383 891 cum
409 845 572 891 lumbis
599 846 699 903 quis
725 846 830 890 edit.
879 853 974 891 tum
1002 852 1175 903 pectore
1202 847 1358 892 adusto
1377 863 1414 891 ao

54 905 247 949 vidimus
276 911 320 949 et
347 905 536 950 merulas
562 906 669 963 poni
697 912 740 950 et
767 907 860 950 sine
888 907 1014 950 clune
1042 907 1277 963 palumbis,

53 965 200 1009 suavis
223 981 304 1017 res,
327 965 365 1009 si
388 980 476 1010 non
497 980 646 1009 causas
668 972 865 1010 narraret
888 981 1037 1009 earum
1060 972 1104 1010 et

56 1030 234 1069 naturas
265 1025 493 1080 dominus;
530 1040 661 1082 quem
690 1041 768 1069 nos
798 1026 859 1070 sic
889 1026 1091 1082 fugimus
1122 1026 1221 1079 ulti,

57 1089 106 1128 ut
134 1084 250 1128 nihil
277 1085 456 1130 omnino
481 1090 771 1142 gustaremus,
799 1086 919 1130 velut
947 1085 1039 1129 illis

55 1144 246 1188 Canidia
276 1144 502 1197 adflasset,
532 1145 655 1202 peior
684 1146 958 1203 serpentibus
988 1145 1151 1190 Afris?
1378 1163 1413 1189 95

145 1261 315 1309 &2613
407 1261 540 1310 ΘΛ»

147 1367 198 1405 82
223 1369 361 1406 dentur
383 1370 433 1418 G)
448 1370 516 1420 Q,
543 1370 682 1407 dantur
707 1373 784 1417 Εψ
882 1371 933 1407 8ss
958 1371 1150 1418 discerpta
1176 1394 1220 1399 -
1246 1372 1346 1408 farre
1370 1373 1414 1409 ob

51 1428 141 1464 grus
165 1428 276 1455 masc.
296 1419 415 1455 Prisc.
435 1421 472 1463 6,
491 1421 540 1455 81
560 1430 600 1465 p.
620 1422 708 1464 265,
727 1423 778 1457 20
893 1419 944 1456 88
971 1419 1081 1456 albae
1106 1421 1247 1457 Bland.
1268 1433 1308 1465 ς,
1335 1420 1414 1456 albi

49 1465 139 1513 ΘΦ
155 1476 270 1522 neque
288 1477 396 1503 usum
416 1467 637 1512 farciminum
656 1479 813 1514 usquam
831 1467 1084 1505 commemorat
1103 1469 1219 1506 Prisc.
1294 1468 1346 1505 89
1366 1468 1414 1504 Et

124 1512 201 1550 mis
227 1513 317 1550 edat
343 1515 427 1560 (sic)
452 1516 495 1552 ob
521 1515 606 1561 quis
631 1516 745 1561 indes.
766 1517 885 1553 Prisc.
906 1519 965 1561 17,
984 1518 1033 1552 47
1052 1528 1093 1563 p.
1115 1519 1196 1562 136,
1218 1521 1263 1553 14
1333 1517 1415 1553 edit

49 1561 99 1646 ff
120 1566 182 1611 ᾧ,
207 1561 299 1598 edat
324 1563 474 1609 (Prisc.)
591 1563 643 1600 90
667 1566 750 1600 tum
773 1565 842 1614 Q,
874 1576 961 1601 cum
987 1564 1127 1611 0(E.9)
1244 1564 1295 1601 95
1322 1565 1414 1602 afris

154 1590 236 1656 ἂι,
260 1611 286 1647 i.
304 1610 437 1660 (DQ
462 1611 555 1648 atris
582 1612 614 1649 0
622 1614 653 1649 Φ
