1586 2514
541 86 686 124 GARM.
713 86 747 122 ΙΙ
769 91 824 123 10.
848 91 902 123 ιι.
1344 84 1402 128 59

253 187 495 232 submovet.
539 201 640 237 non,
666 185 704 230 si
728 187 841 229 male
866 201 993 237 nunc,
1021 192 1064 229 et
1088 185 1195 229 olim

255 247 318 292 sic
343 247 453 290 erit:
486 245 709 302 qtiondaxn
735 245 904 289 cithara
931 251 1144 289 tacentem

255 306 440 351 suscitat
463 306 643 350 Musam
668 321 807 362 neque
831 321 1000 365 semper
1023 320 1172 349 arcum

310 366 456 410 tendit
481 366 660 422 Apollo.
1365 380 1403 408 20

256 473 384 517 rebus
411 473 611 531 angustis
636 475 858 517 animosus
883 480 1013 529 atque

256 533 389 578 fortis
412 534 600 591 adparet
632 534 853 591 sapienter
878 533 994 576 idem

255 593 483 638 contrahes
510 599 639 638 vento
668 594 859 637 nimium
889 594 1076 637 secundo

312 653 493 712 turgida
516 654 625 698 vela.

677 857 766 900 ΧΙ.

258 941 379 997 Quid
409 941 639 985 bellicosus
668 941 889 985 Cantaber
918 948 960 984 et
990 940 1188 997 Scythes,

259 1001 454 1058 Hirpine
475 1000 649 1057 Quinti,
674 1001 839 1058 cogitet
861 1000 1035 1045 Hadria

312 1061 481 1105 divisus
509 1061 691 1113 obiecto,
721 1062 922 1105 remittas

364 1137 571 1178 quaerere
597 1137 673 1166 nec
700 1121 891 1178 trepides
917 1122 965 1165 in
993 1137 1118 1165 usum

258 1229 476 1285 poscentis
501 1229 598 1273 aevi
626 1245 789 1286 pauca:
826 1229 950 1286 fugit
978 1236 1094 1272 retro
1391 1244 1407 1270 ⁵

258 1288 367 1332 levis
392 1289 592 1333 iuventas
618 1295 662 1333 et
687 1289 813 1332 decor
839 1289 964 1333 arida

312 1348 502 1405 pellente
525 1348 707 1393 lascivos
730 1365 898 1393 amores

366 1408 528 1453 canitie
555 1409 821 1467 facilemque
845 1425 1061 1453 somnum.

259 1532 349 1561 non
375 1532 544 1575 semper
570 1517 690 1562 idem
718 1517 910 1562 floribus
938 1523 1000 1561 est
1031 1517 1168 1561 honor

257 1577 404 1620 vernis
429 1592 567 1634 neque
593 1593 679 1622 uno
704 1578 809 1621 luna
834 1578 993 1621 rubens
1018 1578 1133 1621 nitet
1374 1593 1408 1618 ιο

313 1637 461 1680 voltu:
489 1637 598 1694 quid
619 1638 809 1688 aeternis
832 1639 1046 1681 minorem

367 1697 564 1740 consiliis
593 1697 793 1741 animum
823 1698 1027 1754 fatigas?

260 1820 337 1848 our
355 1819 443 1848 non
458 1803 539 1848 sub
555 1804 647 1847 alta
661 1804 731 1847 vel
748 1804 928 1861 platano
943 1804 1011 1848 vel
1030 1804 1108 1848 hac

260 1864 372 1921 pinu
396 1864 584 1908 iacentes
607 1864 669 1907 sic
694 1870 854 1908 temere
878 1870 922 1908 et
945 1879 1039 1907 rosa

314 1939 443 1968 canos
470 1923 641 1967 odorati
669 1924 864 1980 capillos,
1378 1940 1409 1966 15

368 1984 475 2028 dum
492 1983 608 2035 licet,
626 1983 901 2041 Assyriaque
919 1984 1056 2027 nardo

142 2089 424 2137 ρ);ΑΒΒΕ
516 2088 699 2136 Θιιεφ

145 2171 195 2209 18
221 2173 369 2210 cithara
391 2174 441 2221 Q)
457 2173 518 2222 Θ,
545 2172 752 2219 cythar(a)e
780 2177 812 2210 Φ

145 2220 211 2269 11,
229 2221 254 2257 2
286 2222 431 2267 quincti
457 2222 540 2258 AR
572 2221 629 2263 (in
654 2222 762 2258 titulo
794 2222 842 2258 ad
869 2221 1087 2265 Quinctium
1113 2221 1186 2267 R),
1217 2220 1350 2266 quinte
1375 2221 1411 2256 B

48 2267 111 2315 (sd
129 2268 304 2314 quintum
323 2271 460 2316 Porph.
479 2270 598 2314 codd.)
695 2269 720 2305 8
745 2270 892 2306 obiecto
904 2269 1026 2318 (DQ),
1046 2269 1197 2306 obiecta
1211 2269 1410 2312 (Victor-in.

46 2326 198 2364 yram.
231 2317 291 2353 VI
311 2321 402 2362 180,
415 2321 453 2364 5)
579 2316 628 2353 15
660 2328 774 2354 canoa
798 2319 847 2366 Ε)
863 2318 931 2364 Θ,
970 2318 1094 2362 (schol.
1121 2318 1231 2362 ΑΓ),
1271 2317 1412 2352 cinctos

49 2364 165 2401 Lan-s
262 2365 312 2402 1⁶
337 2367 481 2412 assyria
505 2367 554 2414 (D
571 2364 622 2412 Θ
646 2366 796 2413 Por-ph„
821 2366 965 2412 assyrio
991 2367 1027 2401 B
