1586 2514
626 102 767 139 SERM.
793 102 811 137 I
829 106 861 138 4.
1334 100 1415 143 187

59 201 139 247 hoc
168 201 218 247 in
250 211 318 247 me
347 203 491 248 iacis?
530 208 596 248 est
625 207 776 246 auctor
807 201 905 259 quis
937 200 1125 258 denique
1156 216 1319 253 eorum,
1374 215 1412 243 so

56 261 152 307 vixi
179 277 279 308 cum
307 263 468 321 quibus
483 263 504 306 ?
530 262 766 307 ‘absentem
793 262 870 320 qui
900 261 1032 313 rodit,
1061 259 1251 304 amicum

58 321 137 380 qui
164 338 252 368 non
280 323 485 368 defendit
509 322 598 367 alio
625 322 844 380 culpante,
872 322 1038 367 solutos

58 382 136 440 qui
164 389 313 441 captat
343 384 457 428 risus
484 382 711 427 hominum
740 383 994 440 famamque
1022 380 1196 434 dicacis,

58 442 235 501 fingere
259 443 339 500 qui
369 458 457 487 non
482 442 575 487 visa
602 448 759 500 potest,
789 442 1003 486 conmissa
1031 447 1170 485 tacere

4 544 6 546 ,
58 503 136 560 qui
157 503 336 560 nequit:
366 502 437 546 hic
458 502 584 561 niger
604 509 682 556 est,
705 503 819 546 hunc
841 508 903 555 tu,
928 503 1139 554 Romane,
1160 500 1339 545 caveto.'
1377 517 1412 544 85

55 570 184 621 'saepe
216 562 359 606 tribus
392 562 517 607 lectis
546 562 693 606 videas
725 577 877 606 cenare
908 568 1156 619 quaternos,

58 638 82 666 e
107 621 269 680 quibus
298 638 411 667 unus
436 628 535 668 avet
559 623 714 681 quavis
740 638 968 680 aspergere
996 628 1172 666 cunctos

58 688 230 740 praeter
239 697 339 727 eum
348 682 427 740 qui
438 683 615 741 praebet
625 698 784 740 aquam
798 698 808 736 ;
828 689 924 740 post
936 682 1049 726 hunc
1060 697 1231 740 quoque
1242 688 1384 740 potus,

59 741 237 787 condita
266 757 366 787 cum
396 758 528 788 verax
557 743 702 800 aperit
731 743 984 800 praecordia
1015 742 1162 786 Liber.

59 802 131 847 hic
157 802 243 846 tibi
272 802 406 847 comis
433 809 478 848 et
504 802 696 848 urbanus
722 802 920 860 liberque
946 802 1133 855 videtur,
1376 818 1414 845 so

58 859 223 904 infesto
246 859 439 918 ‘nigris';
469 877 550 919 ego
572 862 609 906 si
633 860 726 913 risi,
750 862 867 918 quod
890 861 1067 918 ineptus

58 919 272 977 'pastillos
292 921 496 965 Rufillus
516 921 616 973 olet,
639 921 893 978 Gargonius
914 920 1112 976 hircum’,

59 981 223 1026 lividus
252 988 296 1026 et
326 983 508 1028 mordax
537 983 687 1027 videor
716 982 837 1026 tibi?
876 983 1041 1027 mentio
1071 983 1221 1039 siquae

62 1041 116 1085 de
137 1041 383 1100 Capitolini
404 1043 542 1087 furtis
561 1042 724 1087 iniecta
747 1042 903 1087 Petilli

61 1107 104 1146 te
125 1117 270 1147 coram
295 1103 449 1156 fuerit,
473 1102 697 1156 defendas,
723 1109 773 1147 ut
796 1110 894 1147 tuos
916 1109 981 1147 est
1002 1118 1121 1147 mos:
1378 1118 1413 1145 95

60 1161 143 1206 ‘me
173 1161 454 1220 Capitolinus
485 1163 730 1207 convictore
760 1179 862 1207 usus
894 1163 1119 1221 amicoque

59 1237 86 1266 a
114 1237 250 1280 puero
280 1228 345 1267 est
373 1238 586 1280 causaque
614 1238 709 1267 mea
739 1223 958 1281 permulta
988 1229 1168 1280 rogatus

60 1281 171 1326 fecit
195 1288 239 1327 et
265 1283 498 1328 incolumis
521 1282 660 1328 laetor
683 1283 800 1340 quod
824 1283 937 1327 vivit
961 1283 1010 1328 in
1034 1283 1173 1337 Vrbe;

59 1341 135 1386 sed
165 1347 313 1387 tamen
343 1342 552 1396 admiror,
583 1358 670 1400 quo
699 1349 827 1400 pacto
858 1343 1073 1388 iudicium
1105 1343 1219 1387 illud

60 1402 272 1460 fugerit':
308 1403 379 1447 hic
408 1402 561 1460 nigrae
586 1418 714 1447 sucus
742 1403 973 1461 lolliginis‚
1004 1404 1106 1447 haec
1135 1410 1200 1448 est
1362 1419 1415 1446 100

61 1477 223 1520 aerugo
251 1478 393 1517 mera3
429 1462 547 1520 quod
573 1462 734 1507 vitium
763 1464 914 1521 procul
942 1464 1066 1507 afore
1094 1463 1255 1508 chartis

62 1527 194 1580 atque
213 1522 362 1567 animo
382 1523 519 1580 prius,
542 1528 592 1567 ut
613 1523 759 1580 siquid
780 1523 1037 1584 promittere
1058 1523 1111 1567 de
1131 1539 1200 1567 me

61 1597 238 1639 possum
267 1582 391 1627 aliud
422 1598 534 1635 vere,
566 1583 791 1641 promitto.
832 1583 1015 1628 liberius
1046 1583 1083 1627 si

61 1641 215 1686 dixero
237 1642 362 1700 quid,
390 1642 430 1687 si
454 1643 571 1687 forte
595 1642 796 1696 iocosius,
825 1644 904 1687 hoc
931 1643 1042 1688 mihi
1069 1643 1180 1688 iuris

61 1717 161 1746 cum
174 1703 304 1747 venia
318 1702 470 1747 dabis:
490 1702 683 1747 insuevit
698 1710 823 1760 pater
838 1704 1035 1761 optimus
1048 1704 1127 1747 hoc
1144 1720 1226 1757 me,
1365 1719 1417 1746 105

61 1767 113 1806 ut
135 1762 339 1820 fugerem
365 1762 576 1820 exemplis
598 1763 810 1807 vitiorum
834 1779 1030 1821 quaeque
1055 1764 1260 1808 notando.

63 1837 162 1868 cum
185 1837 255 1867 me
279 1821 543 1874 hortaretur,
567 1837 695 1879 parce
718 1823 956 1881 frugaliter
981 1829 1111 1880 atque

154 1916 429 1964 &uuum
522 1913 702 1963 &aas

156 1998 205 2036 81
233 1999 427 2037 absentem
447 2020 493 2027 ——
512 1998 562 2035 85
589 2000 717 2040 caveto
744 2000 955 2038 adversario
987 2000 1086 2037 dedit
1112 2001 1229 2046 Keck,
1263 2000 1423 2037 Horatio

60 2048 133 2086 alii
204 2047 255 2084 85
279 2047 347 2088 hic
361 2065 409 2076 -·
428 2049 557 2085 caveto
583 2048 627 2084 ob
651 2047 759 2095 niger
785 2049 947 2093 afferam
973 2049 1068 2085 Serv.
1090 2050 1168 2086 buc.
1190 2053 1224 2094 5,
1239 2052 1286 2085 56
1303 2059 1421 2095 yeory.

62 2099 96 2138 1,
115 2098 190 2137 320
212 2097 318 2133 schol.
335 2096 427 2134 Stat.
446 2096 555 2132 Theb.
580 2099 613 2139 1,
633 2099 682 2131 57
767 2096 814 2133 87
843 2108 939 2151 unu-s
963 2097 1012 2154 Q
1030 2097 1091 2145 Θ,
1116 2098 1267 2153 imus-Q
1335 2098 1423 2132 anet

59 2143 143 2228 30
160 2146 418 2238 ἰὲἷῗῗὲῑῗιω
441 2143 567 2246 ἔξιῗ
589 2148 621 2188 ¹'
640 2147 1039 2238 522525?AEi?13³1¹⁰51}⁶1
1061 2145 1303 2239 120323‘12.⁸¹(2¹f¹.¹
1306 2145 1424 2229 ²2:²33?

64 2240 199 2296 [JV-p.
220 2243 279 2298 69,
299 2244 374 2297 38),
396 2239 615 2298 capitolinis
642 2240 856 2290 DEK'QD
892 2289 900 2296 ⁹
953 2240 1030 2276 102
1057 2242 1202 2298 animog
1232 2241 1336 2296 prius
1368 2243 1422 2282 ut,

61 2288 689 2385 Ἥρῃ
1154 2289 1424 2373 ΚΘ

55 2386 300 2432 postpositum
327 2386 437 2430 (male
461 2385 752 2431 interpretando)
779 2387 888 2431 affert
911 2387 1028 2423 Prisc.
1050 2389 1109 2430 16,
1124 2389 1172 2422 16
1188 2397 1228 2432 p.
1251 2388 1332 2429 105,
1354 2389 1373 2421 1
