1586 2514
594 75 743 113 Epls'r.
769 75 802 112 11
823 80 853 112 1.
1321 77 1406 120 297

47 191 147 220 cum
176 180 291 220 recte
321 181 509 220 tractent
536 175 632 228 alii,
666 175 845 220 laudare
876 176 1093 233 maligne:
1383 230 1385 232 v

0 233 6 249 ⁵
46 235 123 279 ille
146 250 224 293 per
248 241 476 280 extentum
499 236 656 280 funem
681 236 794 280 mihi
818 251 942 294 posse
966 236 1140 280 videtur
1347 252 1402 279 210

0 306 8 325 '⁶
47 295 112 340 ire
142 300 285 352 poeta,
318 311 464 340 meum
495 295 574 353 qui
605 302 756 353 pectus
787 296 980 340 inaniter
1011 295 1150 353 angit,

0 363 3 366 ’
47 354 211 407 irritat,
239 355 414 407 mulcet,
443 355 572 400 falsis
598 355 839 400 terroribus
866 355 1009 413 inplet

47 419 97 458 ut
120 429 288 472 magus,
314 420 360 459 et
383 414 512 459 modo
538 431 606 459 me
633 415 809 468 Thebis,
836 415 965 459 modo
990 416 1118 473 ponit
1142 415 1344 459 Athenis.

45 489 197 518 verum
222 489 306 532 age
332 480 377 518 et
404 474 486 527 his,
514 475 594 532 qui
622 490 667 519 se
694 475 847 519 lectori
875 475 1045 519 credere
1072 475 1244 519 malunt

45 544 179 592 quam
205 534 464 591 spectatoris
493 534 680 579 fastidia
709 535 827 579 ferre
857 535 1048 592 superbi,
1348 551 1402 578 215

6 628 11 634 .
47 609 196 638 curam
218 593 350 638 redde
373 593 560 647 brevem,
582 594 622 638 si
647 610 807 639 munus
830 595 1043 652 Apolline
1067 595 1251 653 dignum

45 653 112 698 vis
135 654 336 712 conplere
360 653 488 699 libris
512 659 556 699 et
580 655 756 699 vatibus
781 655 939 699 addere
964 655 1117 708 calcar,

47 719 98 758 ut
118 714 268 758 studio
291 715 456 759 maiore
478 720 632 772 petant
657 715 872 760 Helicona.
894 715 1120 760 virentem.

46 773 187 818 multa
211 774 391 831 quidem
417 774 542 819 nobis
568 775 759 820 facimus
785 776 902 820 mala
926 791 1053 833 saepe
1079 782 1244 833 poetae,

49 832 121 888 (ut
141 834 292 878 vineta
315 840 487 892 egomet
510 835 687 879 caedam
712 835 847 892 mea),
873 851 972 880 cum
997 836 1082 879 tibi
1106 836 1270 880 librum
1348 852 1402 878 220

44 893 236 937 sollicito
261 894 417 939 damus
441 900 522 939 aut
546 895 686 948 fess03
722 911 821 939 cum
848 895 1079 948 laedimur,
1108 912 1245 940 unum

44 953 185 1011 siquis
207 955 448 998 amicorum
471 959 537 999 est
559 970 689 1000 ausus
713 955 1024 1012 reprehendere
1047 971 1242 1009 versum;

45 1028 145 1057 cum
172 1013 267 1057 loca
294 1014 386 1058 iam
414 1014 596 1059 recitata
626 1015 887 1060 revolvimus
915 1015 1178 1070 inrevocati3

45 1089 145 1117 cum
174 1073 467 1122 lamentamur
496 1089 584 1118 non
611 1075 822 1132 adparere
853 1075 1020 1120 labores

46 1138 216 1178 nostros
242 1139 287 1177 et
313 1133 437 1178 tenui
465 1133 652 1179 deducta
680 1142 882 1192 poemata
910 1136 1019 1189 filo;
1347 1153 1400 1179 225

46 1209 145 1237 cum
171 1209 397 1251 speramus
424 1209 475 1237 eo
503 1209 594 1238 rem
623 1200 866 1247 venturam,
898 1202 947 1239 ut
976 1196 1109 1239 simul
1135 1202 1268 1252 atque

46 1253 242 1297 carmina
265 1253 460 1298 rescieris
484 1269 562 1298 nos
586 1254 775 1312 fingere,
800 1256 1053 1299 commodus
1079 1256 1195 1300 ultro

46 1328 232 1357 arcessas
261 1318 307 1357 et
335 1328 460 1371 egere
489 1319 607 1358 vetes
638 1320 683 1358 et
711 1315 899 1359 scribere
927 1331 1070 1373 cogas.

44 1373 120 1417 sed
149 1379 298 1417 tamen
325 1379 391 1417 est
419 1384 573 1431 operae
603 1375 795 1432 pretium
825 1391 1092 1433 cognoscere,
1124 1376 1268 1433 qualis

46 1432 246 1478 aedituos
273 1433 432 1478 habeat
459 1433 565 1478 belli
594 1441 787 1492 spectata
817 1434 1023 1492 domique
1347 1452 1403 1478 230

46 1492 200 1546 virtus,
233 1493 420 1552 indigno
450 1509 538 1539 non
569 1495 869 1540 conmittenda
901 1502 1066 1553 poetae.

49 1559 202 1611 gratus
226 1553 482 1598 Alexandro
509 1555 602 1612 regi
630 1571 791 1613 magno
820 1556 913 1600 fuit
937 1556 1014 1600 ille

47 1613 292 1667 Choerilus,
321 1614 502 1659 incultis
527 1615 606 1673 qui
634 1615 830 1660 versibus
860 1622 904 1660 et
932 1617 1044 1661 male
1074 1616 1189 1661 natis

47 1674 221 1718 rettulit
251 1680 461 1733 acceptos,
494 1676 639 1734 regale
671 1677 900 1730 nomisma,
934 1677 1180 1735 Philippos.

45 1734 120 1778 sed
145 1734 283 1779 veluti
311 1741 498 1780 tractata
524 1742 673 1780 notam
702 1737 930 1794 labemque
957 1738 1191 1781 remittunt
1349 1754 1402 1780 235

47 1800 306 1846 atramenta,
337 1796 431 1839 fere
458 1796 691 1854 scriptores
722 1798 913 1841 carmine
944 1798 1075 1841 foedo

46 1855 277 1912 splendida
303 1856 424 1900 facta
449 1855 611 1901 linunt.
649 1857 766 1901 idem
794 1874 869 1902 rex
897 1857 986 1910 ille,
1015 1874 1169 1916 poema

47 1915 124 1972 qui
155 1920 246 1959 tam
277 1915 514 1960 ridiculum
545 1922 635 1961 tam
667 1933 763 1961 care
793 1918 1004 1976 prodigus
1034 1918 1156 1970 emit,

49 1975 191 2019 edicto
215 1975 371 2027 vetuit,
399 1976 553 2033 nequis
579 1992 623 2033 se
649 1983 821 2035 praeter
847 1978 1037 2035 Apellen

49 2035 251 2092 pingeret
277 2041 356 2079 aut
383 2035 497 2080 alius
525 2036 724 2094 Lysippo
753 2037 928 2082 duceret
954 2053 1054 2082 aera
1349 2055 1403 2082 240

141 2128 310 2176 (aar,
401 2128 585 2177 &Ro

145 2211 220 2249 217
249 2213 288 2249 et
305 2233 350 2239 —
371 2211 497 2249 calcar
521 2214 565 2250 ob
590 2213 716 2249 calcar
740 2215 857 2251 Prisc.
879 2218 913 2259 6,
932 2218 977 2251 31
1003 2226 1038 2261 p.
1059 2218 1147 2258 222,
1166 2219 1191 2251 8
1265 2215 1343 2252 226
1370 2227 1413 2252 eo

49 2271 128 2296 rem
152 2262 352 2296 uenturam
375 2260 442 2309 ῥ),
478 2260 597 2297 forem
627 2264 827 2298 uenturam
854 2263 944 2307 Ra,
980 2262 1071 2298 item
1103 2263 1182 2299 fore
1214 2265 1413 2300 uenturum

50 2308 134 2345 Fu
229 2306 307 2344 284
337 2309 384 2352 cf.
410 2309 553 2346 Auson.
573 2312 664 2355 394,
683 2313 741 2346 19.
767 2313 856 2355 408,
878 2313 902 2347 5
998 2309 1078 2347 240
1103 2311 1258 2348 duceret
1280 2313 1329 2360 Θ
1352 2312 1414 2361 QD,

49 2355 204 2393 cuderet
229 2356 434 2394 Lambinus
