1586 2514
174 111 262 155 244
725 113 864 152 sm
889 113 923 150 Π
943 117 974 151 ι.

228 210 387 254 evasti:
421 211 560 265 eredo,
586 218 749 256 metues
773 211 1007 269 doctusque
1030 212 1200 256 cavebis
1224 235 1279 244 -—

235 270 421 326 quaeris,
449 271 623 328 quando
648 272 807 314 iterum
832 287 987 328 paveas
1012 272 1255 329 iterumque
1279 271 1419 329 perire

176 344 210 370 το
228 329 379 385 possis,
409 345 434 373 o
460 331 619 374 totiens
644 345 797 374 servos.
834 346 944 387 quae
970 331 1097 375 belua
1121 331 1276 388 ruptis,

226 403 325 432 cum
352 389 485 433 semel
513 389 697 446 effugit,
727 389 872 433 reddit
900 405 944 433 se
971 405 1104 446 prava
1131 390 1328 434 catenis?

227 447 345 490 “non
358 463 452 490 snm
464 448 693 491 moechus''
703 451 775 490 ais.
795 463 930 504 neque
943 463 1034 504 ego,
1047 449 1225 504 hercule,
1238 449 1318 504 fur,
1328 449 1402 492 ubi
1413 463 1514 492 vasa

225 513 445 563 praetereo
476 508 648 564 sapiens
679 514 896 565 argentea.
938 507 1042 552 tolle
1074 508 1309 566 periclum:

224 566 314 609 iam
343 582 454 623 vaga
481 567 679 623 prosiliet
705 567 845 611 frenis
872 574 1029 611 natura
1055 568 1246 612 remotis.

172 640 206 666 75
227 630 329 668 tune
355 626 466 669 mihi
490 625 704 678 dominus,
729 641 874 670 rerum
897 626 1095 683 imperiis
1119 627 1428 684 hominumque
1466 628 1470 630 ’

224 689 291 728 tot
317 685 535 742 tantisque
560 685 716 737 minor,
740 700 870 742 quem
894 691 960 729 ter
983 686 1177 730 vindicta
1201 692 1441 744 quaterque

223 743 415 800 inposita
446 744 562 787 haud
592 759 799 801 umquam
828 745 984 789 misera
1014 745 1252 789 formidine
1281 745 1457 802 privet?

223 802 334 847 adde
358 819 500 860 super,
527 803 656 846 dietis
679 804 795 860 quod
820 819 908 848 non
931 804 1068 848 levius
1091 805 1256 848 valeat:
1287 820 1402 858 nam,

221 862 312 906 sive
339 863 526 906 vicarius
551 868 628 914 est,
652 862 731 919 qui
756 877 876 907 servo
901 870 1037 920 paret,
1065 863 1132 907 uti
1153 879 1250 919 ¹mos

170 936 206 963 so
223 927 361 965 vester
387 922 465 973 ait,
491 937 564 965 seu
588 936 822 975 conservos,
848 923 933 966 tibi
957 923 1064 980 quid
1089 939 1185 967 sum
1209 923 1323 980 ego?
1356 938 1508 980 nempe

222 985 285 1033 tu,
314 981 424 1024 mihi
449 981 527 1038 qui
550 981 789 1038 imperitas,
817 982 916 1026 aliis
941 982 1073 1026 servis
1097 982 1227 1027 miser
1251 989 1380 1040 atque

222 1040 391 1084 duceris
417 1046 467 1084 ut
489 1040 631 1084 nervis
654 1041 807 1084 alienis
831 1041 991 1085 mobile
1014 1041 1198 1098 lignum.

222 1099 422 1156 quisnam
445 1100 585 1156 igitur
604 1099 749 1143 liber?
778 1100 961 1157 sapiens,
983 1100 1067 1144 eibi
1088 1101 1164 1158 qui
1184 1100 1454 1158 imperiosus,

221 1173 346 1214 quem
357 1173 491 1215 neque
503 1162 722 1214 pauperies
733 1174 867 1215 neque
880 1174 993 1202 mors
1006 1174 1142 1215 neque
1158 1161 1327 1203 vincula.
1338 1161 1508 1215 terrent,

167 1233 202 1260 8⁶
221 1233 467 1275 responsare
491 1218 784 1286 cupidinibus,
808 1225 1076 1263 contemnere
1098 1219 1278 1264 honores

221 1277 366 1330 fortis,
393 1284 436 1322 et
459 1278 507 1322 in
529 1293 572 1321 se
595 1278 690 1335 ipso
714 1284 843 1330 totus,
869 1284 978 1322 teres
1001 1285 1131 1336 atque
1154 1279 1378 1332 rotundus,

221 1337 389 1380 externi
411 1337 572 1394 nequid
591 1337 734 1382 valeat
752 1352 829 1395 per
847 1338 938 1382 leve
959 1338 1132 1391 morari,

219 1396 267 1440 in
293 1412 421 1453 quem
445 1411 596 1440 manea
619 1396 711 1440 ruit
732 1412 900 1454 semper
923 1397 1115 1442 fortuna.
1150 1403 1326 1455 potesne

219 1471 271 1499 ex
297 1456 365 1499 hie
389 1461 438 1500 ut
459 1456 686 1513 proprium
708 1457 816 1513 quid
839 1458 1044 1501 noscere?
1075 1457 1266 1515 quinque
1289 1457 1453 1502 talenta

165 1530 201 1557 90
218 1515 358 1572 poscit
389 1522 431 1559 te
460 1516 631 1568 mulier,
660 1522 788 1560 vexat
816 1516 1071 1573 foribusque
1099 1516 1320 1584 repulsum

218 1575 449 1642 perfundit
475 1575 635 1632 gelida,
662 1591 809 1619 rursus
831 1582 979 1619 vocat:
1011 1576 1128 1633 eripe
1152 1576 1271 1634 turpi

220 1633 331 1678 eolla
360 1634 480 1691 iug0,
512 1634 650 1678 “liber
680 1634 806 1687 eum,'
809 1635 924 1678 'dio
953 1651 1047 1692 age.
1088 1650 1176 1680 non
1204 1635 1315 1693 quis.

217 1699 344 1751 urget
371 1694 488 1737 enim
510 1693 714 1738 dominus
738 1700 926 1738 mentem
951 1710 1038 1739 non
1062 1695 1172 1739 lenis
1197 1701 1239 1739 et
1263 1695 1373 1739 acris

255 1798 384 1844 QzE
474 1797 606 1846 Q2d⁵

256 1892 307 1928 68
338 1894 481 1929 metues
577 1893 644 1941 Q,
675 1895 844 1930 metuens
878 1894 983 1931 Goth.
1009 1907 1031 1935 ς
1173 1894 1225 1930 69
1251 1893 1406 1938 Quaeri·
1431 1894 1507 1939 Fi,

162 1939 323 1983 Quaeres
348 1941 408 1977 ΕΖ
541 1940 564 1975 2
589 1942 754 1988 uasaQ
706 1941 832 1996 Q·Q‚
857 1942 940 1977 uisa.
964 1942 1102 1978 Bland.
1169 1942 1173 1946 ’
1212 1941 1260 1978 78
1284 1942 1433 1999 παρίοισι
1456 1942 1506 1999 Q

159 1987 226 2035 Q;
265 1987 444 2035 <sapiens
510 1988 663 2032 timens3
697 1988 836 2034 legitur
866 1991 905 2025 et
934 1989 1097 2035 prudens
1128 1979 1196 2025 §ub
1226 1989 1358 2026 eadem
1389 1989 1506 2036 sigm-

161 2035 334 2071 ficatione
358 2036 465 2072 echo.
484 2035 572 2080 PV,
605 2047 698 2080 quae
728 2001 848 2073 tglamen
878 2048 954 2073 ‘non
983 2037 1027 2073 de
1049 2038 1157 2073 varia
1180 2037 1283 2083 apud
1305 2036 1505 2074 Horatium

161 2083 308 2118 lectione
333 2083 572 2130 intellegenda
596 2085 727 2128 opinor
801 2084 850 2120 78
875 2095 944 2130 sup
947 2095 986 2120 er
1003 2085 1088 2131 Ql,
1112 2096 1155 2120 eu
1182 2084 1307 2120 rnFl
1375 2084 1424 2121 w
1447 2083 1506 2120 uti

159 2130 244 2185 Ql,
269 2132 313 2166 ut
337 2132 395 2166 eet
418 2131 481 2166 F).
565 2130 617 2167 80
642 2131 734 2176 quid
762 2132 865 2168 Goth.
886 2143 926 2176 5,
919 2096 1051 2177 pquod
1075 2095 1225 2180 QQm
1273 2130 1323 2167 81
1349 2131 1434 2168 aliie
1462 2133 1506 2176 Φ,

159 2177 227 2213 alii
257 2178 298 2213 E
315 2178 455 2214 Bland.
582 2178 632 2214 82
642 2143 886 2226 qligiynuth
838 2159 959 2227 QQ
987 2180 1094 2216 schol.
1119 2181 1163 2224 Γ,
1193 2178 1341 2226 signum
1373 2180 1506 2216 Dousa

160 2224 210 2260 823
244 2225 311 2270 qui
343 2227 404 2269 15,
439 2237 512 2271 que
543 2226 592 2273 Q
615 2226 666 2274 Q
689 2226 828 2262 Bland.
821 2254 847 2271 .,
882 2227 977 2272 quod
1009 2238 1132 2263 verum
1163 2237 1235 2263 ecee
1267 2238 1343 2264 non
1375 2221 1507 2273 pr'obat

158 2274 317 2309 imitatio
351 2273 441 2310 Stat.
467 2274 546 2310 m'lv.
571 2277 614 2318 2,
633 2277 674 2318 6,
694 2277 742 2310 16
861 2274 911 2310 8ss
946 2275 989 2310 ob
1021 2275 1234 2310 sententiam
1266 2275 1374 2319 affert
1405 2275 1503 2321 Aua.

159 2325 284 2365 quant
311 2322 423 2357 anim
448 2324 499 2357 27
533 2322 681 2367 (Miyne
705 2324 906 2367 32,1051)
1035 2321 1085 2358 88
1119 2332 1229 2367 quem
1261 2321 1393 2369 QQ
1427 2333 1501 2367 quo

159 2367 204 2404 L.
225 2367 366 2405 Μᾶῑῑεν
437 2370 591 2414 potesne
615 2369 664 2415 Q
686 2370 791 2406 schol.
813 2370 893 2413 PV,
918 2371 1089 2415 potestne
1116 2371 1148 2405 Φ
