1586 2514
191 90 278 134 242
740 90 880 128 SERM.
905 91 940 127 11
959 95 991 128 ¹¹1.

195 204 228 230 15
246 204 392 232 scurra
415 188 686 242 Volanerius‚
712 195 941 247 postquam
966 190 1035 233 illi
1059 189 1174 233 iusta
1199 189 1404 247 cheragra
1481 242 1483 245 Α

246 248 444 291 contudit
472 249 691 301 articulos,
719 250 795 306 qui
823 265 900 306 pro
927 265 970 292 se
997 249 1166 292 tolleret
1193 255 1322 306 atque

249 307 443 350 mitteret
469 308 518 351 in
544 308 744 364 phimum
772 309 895 360 talos,
925 309 1114 352 mercede
1140 308 1299 352 diurna

248 367 507 410 conductum
530 367 677 423 pavit:
705 374 868 424 quanto
888 368 1155 411 constantior
1176 368 1314 411 isdem

247 426 296 469 in
321 426 457 478 vitiis,
484 431 607 469 tanto
633 426 771 470 levius
797 427 926 470 miser
951 443 999 470 ac
1026 427 1145 483 prior
1171 427 1247 470 ille

194 499 230 526 20
248 485 324 541 qui
348 485 437 528 iam
459 491 674 538 contento,
698 486 786 530 iam
810 487 908 530 laxo
931 487 1038 530 fune
1060 486 1258 530 laborat?

247 543 346 587 'non
365 544 480 588 dices
499 545 640 596 hodie,
660 560 866 601 quorsum
884 546 986 589 haec
1004 552 1094 589 tam
1113 546 1268 602 putida
1287 546 1479 598 tendant,
1495 573 1500 576 -

247 604 461 646 furcifer‘?
484 603 552 646 ‘ad
564 606 616 658 te,
633 605 832 660 inquam?
862 604 961 660 ‘quo
974 607 1111 660 pacto,
1130 605 1353 660 pessime‘P'
1375 604 1535 647 ‘laudas

247 663 472 707 fortunam
497 670 541 707 et
564 679 701 707 mores
725 665 930 720 antiqua-e
953 665 1106 721 plebis,
1131 670 1176 708 et
1198 662 1328 717 idem,

245 722 384 779 siquis
410 723 465 766 ad
492 723 571 766 illa
597 723 702 767 deus
727 723 872 767 subito
899 730 941 767 te
966 730 1084 781 agat,
1114 739 1247 780 usque
1273 736 1450 776 recuses,
1500 722 1516 737 ⁸

191 796 226 822 25
244 788 321 825 aut
352 782 456 839 quia
487 797 574 826 non
604 783 751 835 sentis,
783 783 898 839 quod
928 783 1102 834 clamas,
1133 783 1291 827 rectius
1321 799 1422 836 esse,

245 847 322 884 aut
344 842 448 898 quia
471 857 557 885 non
580 843 740 886 firmus
763 849 926 886 rectum
949 843 1149 886 defendis
1172 849 1214 886 et
1238 843 1384 887 haeres

246 901 479 958 nequiqam
505 917 634 945 caeno
659 902 835 959 cupiens
861 902 1038 946 evellere
1066 902 1274 959 plantam.

246 960 411 1004 Romae
440 977 512 1004 rus
541 967 687 1017 optas;
723 962 944 1005 absentem
973 963 1158 1006 rusticus
1186 962 1344 1006 Vrbem

245 1020 365 1063 tollis
388 1021 443 1064 ad
466 1027 583 1064 astra
605 1021 724 1064 levis.
758 1021 795 1064 si
819 1037 1031 1078 nusquam
1055 1037 1098 1065 es
1122 1023 1238 1065 forte
1261 1028 1434 1066 vocatus

192 1094 227 1121 30
245 1079 300 1122 ad
324 1095 486 1132 cenam,
510 1080 661 1123 laudas
685 1096 880 1124 securum
905 1081 1027 1124 holus
1050 1097 1110 1133 ac,
1134 1081 1254 1125 velut
1277 1097 1457 1138 usquam

244 1138 414 1182 vinctus
437 1154 520 1191 eas,
544 1139 609 1182 ita
630 1146 673 1182 te
695 1140 867 1183 felicem
890 1140 998 1183 dicis
1019 1156 1235 1208 amesque,

245 1198 361 1254 quod
383 1214 596 1255 nusquam
618 1199 702 1242 tibi
725 1199 783 1242 sit
806 1199 1058 1267 potandum.
1091 1200 1266 1244 iusserit
1287 1200 1342 1243 ad
1364 1216 1407 1244 se

244 1258 473 1301 Maecenas
503 1274 645 1302 serum
673 1258 752 1302 sub
781 1259 949 1302 lumina
977 1260 1119 1327 prima
1147 1259 1292 1303 venire
1375 1264 1379 1272 ”

244 1317 492 1360 convivam:
527 1317 710 1361 “nemon
736 1318 877 1361 oleum
905 1319 994 1362 sert
1020 1319 1173 1363 ocius?
1208 1319 1351 1376 ecquis

191 1392 224 1418 35
244 1377 434 1420 audit?''
459 1393 556 1420 cum
581 1393 740 1434 magno
766 1378 950 1422 blateras
974 1378 1158 1422 clamore
1182 1379 1400 1436 fugisque.

245 1436 444 1480 Mulvius
477 1442 519 1479 et
548 1452 730 1488 scurrae,
764 1437 847 1480 tibi
878 1452 964 1480 non
994 1438 1220 1481 referenda
1249 1438 1426 1494 precati,

244 1495 484 1539 discedunt.
526 1495 712 1540 “etenim
739 1496 881 1539 fateor
908 1496 1005 1540 me’'
1033 1496 1195 1540 dixerit
1221 1497 1296 1540 ille

244 1554 370 1598 “duci
402 1560 550 1598 ventre
581 1555 730 1607 levem,
762 1572 913 1599 nasum
945 1556 1096 1599 nidore
1126 1556 1317 1613 supinor,

244 1614 501 1666 imbecillus,
537 1615 665 1667 iners,
699 1615 844 1672 siquid
876 1615 953 1667 vis,
988 1615 1110 1668 adde,
1143 1616 1317 1673 popino.

281 1731 447 1777 &arc
538 1730 670 1779 {5:4⁵

283 1826 332 1862 15
359 1826 559 1872 c(h)iragra
589 1826 643 1862 vel
674 1826 886 1872 c(h)yragra
910 1827 958 1874 Q
980 1826 1031 1874 Q
1148 1826 1195 1862 17
1223 1826 1391 1872 phimum
1417 1829 1534 1872 (varie

186 1875 378 1919 scriptum)
392 1873 643 1929 QQBland
669 1875 814 1921 Porph„
828 1886 987 1921 pyrgum
1001 1886 1022 1914 ς
1038 1876 1097 1918 (ex
1114 1875 1220 1910 schol.
1235 1877 1282 1920 Γ)
1343 1874 1392 1911 18
1412 1875 1532 1911 isdem

185 1922 234 1968 Q
251 1921 313 1976 Θ
320 1922 471 1965 Bland„
497 1921 597 1956 idem
623 1922 687 1957 Ελ
778 1922 826 1957 19
852 1922 971 1957 leuius
996 1922 1044 1968 Q
1067 1922 1172 1958 schol.
1191 1924 1235 1965 Γ,
1261 1923 1318 1957 est
1341 1922 1474 1958 melius
1503 1925 1533 1958 Φ

188 1980 231 2004 ac
256 1969 359 2015 prior
381 1969 442 2016 Θ,
469 1969 589 2005 acrior
606 1969 655 2016 Q
670 1969 773 2006 Goth.
847 1969 912 2004 ille
936 1970 984 2016 Q
1053 1998 1061 2014 ‚
1087 1968 1153 2004 illo
1178 1981 1200 2009 ς
1286 1969 1338 2005 20
1361 1970 1436 2005 iam
1464 1999 1472 2006 .
1495 2000 1501 2007 .

185 2017 263 2051 iam
288 2017 371 2061 (hoc
395 2018 495 2053 omis.
515 2017 565 2060 Ε,
590 2027 703 2061 quam
722 2020 762 2062 a)
781 2017 829 2064 Q
843 2017 894 2064 Θ
913 2018 1012 2062 Porp
1039 2045 1046 2051 .
1068 2017 1109 2061 (i.
1122 2017 1228 2053 schol.
1245 2017 1341 2062 FV),
1365 2018 1444 2052 tam
1465 2045 1472 2053 .
1494 2046 1501 2053 .
1523 2045 1531 2053 .

187 2075 329 2147 quamE
332 2065 376 2158 ]F
504 2063 554 2099 22
588 2063 722 2100 laudas
755 2065 803 2111 Q
825 2064 890 2112 Q,
925 2064 1056 2100 laudes
1082 2064 1122 2099 F
1250 2063 1297 2100 27
1333 2065 1454 2110 deficit
1486 2077 1533 2109 a;

184 2076 344 2195 {QQ
465 2110 516 2148 34
547 2111 620 2147 fert
651 2112 724 2156 El,
756 2112 851 2148 feret
881 2113 942 2148 Fa.
1062 2112 1189 2157 ecquis
1219 2112 1285 2160 Q,
1318 2114 1356 2147 et
1387 2112 1469 2158 quis
1494 2094 1534 2149 Ε

269 2171 332 2194 ma
334 2171 408 2205 gno
441 2180 485 2186 ·-
516 2159 678 2195 clamore
712 2160 753 2196 ob
785 2159 929 2196 blatero
961 2160 1119 2206 Eutych.
1144 2172 1294 2207 yraffmm
1323 2161 1359 2196 V
1376 2163 1532 2204 481,10

183 2206 358 2253 fugisque
394 2207 443 2254 Q
477 2206 528 2255 Θ
567 2208 674 2244 schol.
711 2210 752 2251 Γ,
794 2207 961 2253 furisque
999 2208 1138 2244 Bland.
1177 2209 1304 2244 lemma
1340 2208 1474 2254 Porph.
1506 2220 1527 2248 ς

182 2254 233 2290 36
257 2254 331 2290 tibi
352 2276 396 2281 —
417 2255 560 2300 precati
586 2256 627 2291 ob
653 2266 724 2291 acc.
747 2257 862 2292 Prisc.
883 2258 943 2300 18,
961 2257 1035 2291 230
1054 2266 1094 2301 Ρ.
1114 2257 1260 2299 322,10
1336 2254 1530 2292 referenda

180 2301 231 2350 Θ
251 2303 375 2346 (Prisc
380 2305 419 2347 .,)
438 2302 661 2337 refrenanda
682 2302 721 2337 Ε
796 2302 847 2338 38
869 2302 1022 2348 supinor
1039 2303 1112 2349 QZ.
1131 2303 1266 2348 Porph.
1287 2304 1328 2347 (i.
1341 2303 1446 2339 schol.
1463 2303 1536 2338 PV

174 2362 214 2395 Ρ.
236 2352 320 2393 189,
341 2352 424 2395 17),
450 2350 583 2395 supino
608 2350 675 2385 Fe.
702 2351 765 2386 Ps.
785 2351 919 2395 Porph.
936 2361 975 2395 Ρ.
997 2352 1079 2393 315,
1099 2353 1147 2385 10
