1586 2514
194 94 282 137 282
732 92 877 134 EPIST.
904 94 920 129 Ι
947 97 1002 130 18.

243 195 442 248 discolor,
471 196 617 240 infido
643 211 812 239 scurrae
839 195 1022 239 distabit
1046 194 1223 240 amicus.

207 270 224 296 5
243 260 308 298 est
334 255 436 299 huic
464 256 682 299 diversum
710 255 819 298 vitio
846 255 1005 299 vitium
1034 270 1167 312 prope
1195 255 1348 307 maius,

243 314 454 370 asperitas
480 314 665 372 agrestis
693 320 738 357 et
765 314 1023 358 inconcinna
1051 314 1293 371 gravisque,

243 389 354 429 quae
380 389 425 418 se
452 373 728 418 commendat
756 379 880 418 tonsa
907 380 1018 427 oute,
1047 373 1251 418 dentibus
1279 373 1400 426 atris,

244 433 350 476 dum
375 433 468 477 volt
494 433 673 476 libertas
701 432 790 476 diei
818 449 935 477 mera
962 449 1145 491 veraque
1171 433 1323 477 virtus.

243 492 383 536 virtus
402 498 467 536 est
486 492 679 536 medium
698 492 906 536 vitiorum
926 499 968 537 et
987 492 1206 550 utrimque
1225 484 1463 536 reductum}

197 567 230 594 10
247 552 398 596 alter
385 568 434 596 1n
459 551 715 608 obsequium
744 552 842 608 plus
871 568 1007 610 aequo
1035 567 1196 610 pronus
1223 558 1266 596 et
1292 551 1372 595 imi

245 612 410 655 derisor
435 611 537 655 lecti
563 611 625 654 sio
651 617 808 655 nutum
834 611 986 656 divitis
1012 612 1170 663 horret,

243 671 310 714 sio
335 672 468 715 iterat
492 685 615 714 voces
639 675 684 714 et
709 670 1062 716 verba-cadentia
1089 671 1222 723 tollit,

246 736 295 774 ut
324 746 507 787 puerum
534 745 660 774 saevo
689 730 835 774 eredas
863 731 1028 775 dictata
1058 731 1267 788 magistro

248 790 424 833 reddere
451 789 518 833 vel
546 789 684 846 partis
713 789 896 833 mimum
927 796 1113 858 tractare
1139 789 1367 842 secundam

195 864 227 890 15
244 849 358 893 alter
384 848 568 900 rixatur,
597 847 650 891 de
676 848 776 892 lana
802 864 926 906 saepe
953 849 1145 906 caprina,

245 913 495 965 propugnat
519 907 649 964 nugis
675 914 890 952 armatus:
932 908 1122 960 seilicet,
1150 913 1199 952 ut
1222 922 1310 951 non

243 968 303 1011 sit
334 967 445 1010 mihi
475 967 620 1024 prima
650 966 766 1010 fides
796 973 841 1011 et
868 983 965 1011 vere
996 968 1112 1024 quod
1144 967 1286 1025 placet
1318 972 1368 1010 ut
1397 982 1483 1009 non

245 1026 402 1070 acriter
423 1026 615 1077 elatrem,
639 1026 828 1082 pretium
849 1032 967 1071 aetas
988 1027 1124 1071 altera
1145 1026 1300 1070 sordet.
1306 1025 1317 1046 '

245 1086 488 1143 ambigitur
510 1059 618 1142 quid
640 1085 794 1128 enim?
827 1086 982 1130 Castor
1003 1086 1112 1130 sciat
1135 1102 1191 1130 an
1216 1084 1384 1129 Docilis
1407 1084 1527 1141 plus;

192 1161 228 1188 20
248 1145 537 1189 Brundisium
560 1141 734 1187 Minuci
760 1145 915 1189 melius
938 1144 1011 1189 via
1033 1145 1164 1189 ducat
1187 1160 1244 1189 an
1269 1144 1407 1202 Appi.

244 1220 374 1261 quem
401 1204 607 1248 damnosa
633 1218 778 1254 venue,
806 1219 935 1260 quem
961 1219 1162 1272 praeceps
1188 1204 1282 1248 alea
1307 1203 1457 1255 nudat,

245 1264 388 1321 gloria
418 1278 547 1320 quem
577 1277 709 1319 supra
740 1263 853 1306 vires
882 1268 927 1307 et
958 1263 1089 1308 vestit
1121 1269 1165 1308 et
1195 1262 1368 1319 unguit,

244 1339 373 1380 quem
403 1328 521 1366 tenet
549 1321 719 1378 argenti
747 1322 847 1365 sitis
874 1322 1111 1379 inportuna
1139 1323 1375 1379 famesque,

245 1399 374 1439 quem
399 1381 670 1439 paupertatis
698 1381 837 1437 pudor
863 1388 906 1425 et
931 1383 1055 1439 fuga,
1083 1382 1203 1426 dives
1228 1382 1405 1433 amicus,

193 1457 227 1484 25
244 1457 370 1498 saepe
399 1442 543 1485 decem
572 1440 695 1483 vitiis
724 1440 992 1493 instructior,
1020 1441 1117 1485 odit
1145 1447 1189 1485 et
1217 1441 1375 1492 horret,

246 1507 335 1553 aut,
362 1501 401 1544 si
429 1515 516 1544 non
544 1499 650 1551 odit,
668 1499 794 1555 regit
821 1514 869 1542 ao
895 1500 1031 1544 veluti
1059 1500 1134 1557 pia
1162 1506 1299 1544 mater

246 1561 344 1617 plus
368 1576 501 1617 quam
528 1574 571 1603 se
598 1573 745 1615 sapere
772 1564 815 1601 et
838 1558 1078 1604 virtutibus
1105 1575 1193 1604 esse
1219 1559 1405 1616 priorem

245 1620 336 1663 volt
356 1626 401 1663 et
423 1619 490 1663 ait
511 1633 644 1675 prope
666 1633 789 1660 vera:
820 1617 951 1662 ‘meae
978 1617 1252 1674 (contendere
1274 1618 1387 1673 noli)

244 1679 483 1723 stultitiam
504 1678 734 1735 patiuntur
756 1691 879 1732 opes;
909 1677 993 1720 tibi
1015 1678 1190 1734 parvola
1211 1692 1277 1721 res
1298 1682 1385 1721 est:

193 1754 228 1780 30
247 1744 341 1781 arta
362 1738 484 1782 decet
502 1752 657 1780 sanum
679 1736 881 1779 comitem
903 1742 1028 1793 toga;
1058 1737 1204 1781 desine
1227 1752 1392 1780 meeum

250 1797 440 1841 certare!
477 1795 739 1852 Eutrapelus
764 1795 1016 1852 cuicumque
1042 1811 1190 1840 nocere
1215 1795 1386 1839 volebat

246 1857 503 1900 vestimenta
534 1856 666 1898 dabat
698 1854 911 1910 pretiosa:
951 1855 1100 1899 beatus
1132 1856 1247 1899 enim
1279 1854 1368 1898 iam

246 1932 343 1960 oum
373 1915 566 1973 pulchris
597 1913 755 1958 tunicis
785 1919 926 1957 sumet
953 1929 1063 1959 nova
1091 1913 1272 1958 consilia
1302 1919 1343 1957 et
1374 1929 1481 1970 spes,

246 1976 433 2019 dormiet
461 1975 509 2018 in
539 1975 691 2024 11106111,
722 1978 861 2016 scorto
892 1979 1130 2031 postponet,
1149 1973 1373 2016 honestum

286 2105 516 2153 Θῶνις
609 2104 789 2152 &dm

290 2213 354 2258 18,
376 2213 398 2248 9
424 2212 612 2257 utrimque
637 2212 685 2258 ᾧ
778 2211 924 2256 Porph„
950 2213 1147 2257 utrumque
1172 2210 1241 2246 aR
1326 2209 1374 2245 15
1399 2209 1541 2245 rixatur

195 2263 267 2305 (-us
287 2261 446 2314 ssland.)
469 2261 517 2307 (D
534 2259 584 2307 Θ
609 2260 747 2295 Blan.
740 2286 767 2302 .,
793 2258 932 2293 rixator
958 2260 1128 2295 Muretus
1236 2257 1388 2303 caprina
1412 2258 1460 2304 Q)
1477 2256 1537 2304 Θ,

194 2305 1291 2399 321531220225223232121{Psssssssshzssss‚(².?2’13⁰?1;{‚:⁶Z⁰‘
1309 2306 1342 2339 Γ
1355 2316 1390 2349 '⁰'
1405 2307 1492 2346 Μ
1506 2307 1539 2347 ³
