1586 2514
193 96 251 138 46
699 98 843 135 CARM.
869 100 961 136 Lae.
983 104 1038 136 37.

407 209 552 238 omnes
580 196 627 239 in
657 196 866 239 Damalin
894 197 1037 253 putris

460 254 677 310 deponent
702 256 845 298 oculos
871 271 947 298 nee
974 255 1174 299 Damalis
1199 271 1308 300 novo

404 313 636 356 divelletur
665 314 864 358 adultero

190 386 225 412 20
459 373 630 415 lascivis
659 373 828 416 hederis
855 373 1140 417 ambitiosior.

733 572 986 616 XXXVII.

405 654 533 696 Nune
563 659 626 697 est
654 653 904 705 bibendum,
933 670 1047 698 nunc
1076 655 1183 712 pede
1211 655 1349 700 libero

403 713 615 768 pulsanda
644 713 795 765 tellus;
832 729 944 756 nunc
975 713 1219 758 Saliaribus

455 787 606 814 ornare
635 772 838 828 pulvinar
866 772 1043 815 deorum

507 836 676 886 tempus
706 837 798 874 erat
826 831 1026 887 dapibus,
1057 831 1235 875 sodales.

202 964 219 989 5
397 948 578 991 antehac
607 949 732 991 nefas
760 948 1009 1004 depromere
1040 949 1286 993 Caecubum

397 1006 517 1049 cellis
543 1007 686 1058 avitis,
714 1007 819 1050 dum
847 1007 1067 1063 Capitolio

452 1066 604 1122 regina
628 1066 840 1109 dementis
864 1067 1026 1117 ruinas,

503 1125 639 1167 funus
664 1130 706 1167 et
731 1125 917 1181 imperio
942 1126 1124 1181 parabat

395 1242 689 1286 contaminato
716 1258 813 1286 oum
840 1259 971 1300 grege
998 1244 1194 1300 turpium

184 1316 217 1343 10
396 1301 545 1344 morbo
569 1302 761 1345 virorum
786 1303 1003 1359 quidlibet
1027 1304 1227 1360 inpotens

446 1376 618 1416 sperare
645 1362 910 1418 fortunaque
937 1362 1054 1405 dulei

501 1420 633 1463 ebria.
678 1421 752 1463 sed
780 1421 943 1463 minuit
969 1422 1162 1464 furorem

393 1538 466 1580 vix
497 1554 582 1581 una
608 1554 751 1594 sospes
778 1539 900 1581 navis
927 1539 981 1582 ab
1009 1539 1187 1595 ignibus

393 1604 665 1653 mentemque
693 1597 966 1653 lymphatam
993 1598 1235 1642 Mareotico

180 1671 213 1697 15
446 1656 615 1712 redegit
637 1656 686 1698 in
706 1671 827 1699 veros
851 1657 1027 1699 timores

500 1715 657 1758 Caesar
683 1715 737 1758 ab
765 1715 896 1757 Italia
922 1715 1140 1758 volantem

391 1832 521 1874 remis
545 1832 774 1888 adurgens,
800 1833 1006 1888 accipiter
1028 1833 1148 1876 velut

392 1891 537 1934 mollis
563 1891 782 1935 columbas
808 1897 885 1935 aut
909 1890 1099 1947 leporem
1126 1891 1239 1934 citus

442 1955 619 1992 venator
644 1950 692 1992 in
717 1950 880 2006 campis
905 1950 1063 1993 nivalis

177 2022 212 2049 20
499 2008 781 2060 Haemoniae,
812 2009 934 2052 daret
963 2015 1013 2051 ut
1040 2007 1202 2051 eatenis

267 2134 543 2181 ῶ;ΑΒι)Ε
634 2135 813 2183 (13:124)

271 2239 318 2275 18
344 2250 412 2275 nec
437 2241 486 2286 (D
502 2240 563 2288 (ᾧ,
588 2252 661 2276 neu
686 2243 814 2277 lemma
839 2242 974 2287 Porph.

175 2336 219 2370 G.
248 2287 577 2371 ffjr’ssmssnoehw
601 2289 650 2334 Θ
668 2288 734 2336 ᾧ),
772 2289 967 2324 Antehanc
996 2289 1027 2323 Φ
1147 2285 1197 2322 14
1230 2286 1461 2333 lymphatam
1494 2300 1516 2324 a
