1586 2514
611 67 757 107 EPOD.
784 75 814 105 2.
1310 71 1394 113 145

194 167 430 226 forumque
457 168 572 212 vitat
599 174 644 212 et
670 168 858 225 superba
887 168 1049 212 civium

246 226 545 284 potentiorum
573 227 744 272 limina.

193 301 298 344 ergo
320 293 399 331 aut
422 287 575 332 adulta
597 287 758 332 vitium
782 289 1026 345 propagine

246 347 358 391 altas
384 347 565 391 maritat
590 348 774 404 populos
1358 364 1393 391 ιο

193 412 271 450 aut
296 406 346 451 in
371 405 551 451 reducta
575 406 688 450 valle
716 408 1011 465 mugientium

246 473 495 524 prospectat
523 467 710 511 errantis
740 482 896 525 greges

194 525 455 583 inutilisque
483 526 598 570 falce
628 542 770 570 ramos
799 533 1035 584 amputans

246 585 467 630 feliciores
488 585 644 630 inserit

193 651 271 689 aut
295 648 441 702 pressa
467 645 590 703 puris
616 646 746 690 mella
772 647 923 691 condit
948 647 1171 704 amphoris
1359 663 1392 691 15

246 711 324 749 aut
353 704 505 750 tondet
533 705 742 750 infirmas
772 707 876 750 ovis.

192 764 262 808 vel
286 779 386 809 oum
411 765 615 810 decorum
642 765 826 810 mitibus
853 768 996 824 pomis
1020 774 1153 824 caput

247 825 504 869 Autumnus
526 825 646 882 agris
669 826 844 878 extulit,

195 891 244 928 ut
268 883 434 942 gaudet
457 883 639 928 insitiva
665 886 897 943 decerpens
923 887 1022 944 pira

246 949 485 989 certantem
513 950 557 989 et
586 959 715 989 uvam
744 962 977 1003 purpurae,
1357 963 1394 991 eo

191 1017 280 1061 qua
305 1010 559 1048 muneretur
585 1011 641 1056 te,
670 1005 845 1063 Priape,
874 1013 917 1050 et
943 1014 999 1059 te,
1028 1014 1154 1064 pater

248 1063 439 1117 Silvano,
468 1069 590 1109 tutor
618 1065 798 1109 finium.

194 1123 304 1167 libet
327 1123 467 1170 iacere
490 1118 621 1169 modo
643 1124 725 1168 sub
750 1126 934 1182 antiqua
958 1125 1074 1178 ilice,

247 1183 376 1227 modo
399 1182 449 1228 in
472 1180 614 1228 tenaci
638 1185 864 1241 gramine:
1135 1183 1140 1190 ’

193 1242 404 1287 labuntur
431 1242 535 1287 altis
565 1243 744 1288 interim
774 1244 885 1302 ripis
914 1260 1066 1303 aquae,
1357 1263 1392 1290 20

245 1309 491 1359 queruntur
519 1303 568 1347 in
597 1304 721 1348 silvis
751 1320 850 1349 aves

193 1362 460 1420 frondesque
488 1363 685 1420 lymphis
717 1364 975 1422 obstrepunt
1007 1366 1302 1418 manantibus,

243 1437 419 1466 somnos
442 1423 559 1480 quod
585 1424 745 1467 invitet
770 1424 890 1468 levis.

192 1487 240 1526 at
268 1497 367 1526 cum
397 1482 592 1527 tonantis
621 1499 761 1528 annus
792 1484 1000 1529 hibernus
1032 1485 1149 1529 Iovis

246 1541 403 1586 imbris
434 1542 634 1600 nivisque
665 1551 887 1602 conparat,
1356 1562 1393 1590 30

193 1611 271 1645 aut
297 1601 441 1646 trudit
466 1603 578 1647 acris
606 1603 707 1647 hinc
734 1610 777 1648 et
804 1604 904 1648 hinc
933 1605 1073 1649 multa
1101 1621 1207 1650 cane

246 1676 373 1718 apros
402 1661 451 1706 in
480 1662 696 1707 obstantis
726 1664 878 1721 plagas

192 1726 271 1764 aut
298 1722 434 1765 amite
462 1721 548 1766 levi
577 1739 675 1767 rara
705 1724 848 1768 tendit
877 1725 988 1768 retia

247 1781 390 1825 turdis
415 1781 620 1826 edacibus
646 1783 768 1827 dolos

125 1873 350 1922 mzABG
441 1874 623 1923 (13:124

130 1956 196 1993 18.
224 1955 288 1995 14.
316 1957 380 1995 11.
407 1958 455 1995 12
487 1960 659 1997 ordinari
687 1962 804 1998 voluit
830 1962 1031 1999 Fabricius
1144 1962 1192 1999 18
1218 1963 1320 2009 agris
1345 1963 1394 2011 Q

31 2003 84 2088 P
109 2005 238 2041 Bloemi
255 2033 266 2049 ,
291 2007 392 2043 aruis
420 2007 473 2050 R,
497 2007 583 2043 uuis
608 2021 636 2044 π
760 2009 808 2045 19
834 2010 976 2056 gaudet
1001 2011 1050 2058 Q
1072 2010 1139 2059 Θ,
1165 2011 1334 2058 gaudens
1361 2012 1394 2047 Φ

60 2054 87 2089 θ
116 2063 303 2099 purpurae
327 2054 376 2102 Q
398 2054 464 2103 Θ,
499 2067 664 2103 purpura
689 2058 828 2094 Bland.
935 2058 979 2094 21
1017 2069 1093 2104 qna
1120 2080 1162 2086 —-
1192 2059 1325 2106 Priape
1349 2060 1393 2096 ob

33 2099 216 2146 deponam
241 2102 398 2139 Diomed
426 2115 578 2149 qramm.
599 2105 626 2140 Ι
640 2107 727 2149 382,
747 2109 771 2143 3
844 2109 1059 2143 muneretur
1076 2107 1125 2155 Q
1141 2107 1193 2156 Q
1213 2108 1393 2151 Diomed,

33 2150 208 2185 muneret
233 2149 273 2186 F
299 2162 344 2187 ex
369 2151 494 2197 Porph
626 2151 677 2188 28
709 2165 838 2190 novom
868 2166 1013 2192 carmen
1046 2157 1233 2192 incipiunt
1258 2156 1393 2199 Aen,

33 2206 112 2233 mm
136 2196 173 2232 B
196 2208 262 2234 nec
283 2197 335 2247 {D
431 2199 481 2235 25
506 2199 599 2245 ripis
623 2201 673 2248 Q
696 2201 741 2237 πει
766 2202 852 2238 risis
880 2203 944 2245 R1,
977 2203 1068 2239 riuis
1096 2205 1127 2239 Φ
1154 2205 1315 2248 Blcmd5
1346 2206 1392 2248 cf.

34 2244 214 2292 Philoton.
232 2257 293 2292 ειη
347 2276 351 2279 «
374 2247 415 2284 X
434 2260 463 2294 p
494 2251 567 2285 307
591 2254 665 2286 not.
686 2253 733 2286 95
832 2249 880 2286 27
908 2251 1073 2287 Froncles
1102 2251 1319 2296 Markland,
1344 2253 1391 2295 cf.

3 2293 6 2296 ’
34 2292 142 2330 σῶοι.
162 2293 251 2336 ΑΚ·
315 2295 423 2332 ont-»s
446 2295 496 2343 Q
518 2295 570 2351 Q
677 2297 744 2335 ³1.
771 2297 821 2334 82
848 2299 892 2334 οΙι
914 2300 1008 2362 sing.
1029 2299 1151 2336 multa
1176 2311 1268 2336 cane
1294 2301 1392 2336 Serv.

34 2341 127 2377 Aen.
149 2344 183 2386 1,
201 2343 276 2379 378
372 2342 424 2380 8³
450 2346 575 2380 tendit
597 2345 647 2392 Q
668 2345 736 2394 Θ,
762 2346 926 2384 tetendit
951 2348 982 2384 1«
996 2350 1019 2383 δ

106 2407 288 2443 nonnus,
306 2409 353 2438 ed.
372 2409 552 2438 Vollner.
591 2412 646 2438 Ed.
666 2412 708 2439 11.
728 2414 833 2440 maior.
851 2413 951 2448 [1486]
1135 2412 1178 2444 10
