1586 2514
215 101 299 144 146
779 102 916 139 EPOD.
945 109 975 140 2.

208 214 244 242 ³⁶
369 200 661 257 pavidumque
689 200 879 256 leporem
907 207 951 244 et
979 201 1187 244 advenam
1216 202 1370 258 laqueo
1397 217 1549 259 gruem

420 259 610 302 iucunda
637 266 784 315 captat
812 260 1018 316 praemia.

365 318 465 374 quis
490 334 576 362 non
601 318 814 362 malarum
839 334 946 375 quas
970 335 1091 363 amor
1115 335 1237 363 curas
1262 319 1392 364 habet

420 378 521 420 hacc
552 378 668 420 inter
700 377 1006 422 obliviscitur?

365 436 521 492 quodsi
549 436 707 492 pudica
736 437 893 480 mulier
921 438 969 480 in
997 444 1164 494 partem
1192 437 1312 481 iuvet

207 509 243 537 40
420 496 597 538 domum
625 501 755 551 atque
783 495 923 539 dulcis
951 497 1123 548 liberm,

367 555 530 597 Sabina
558 554 701 610 qualis
730 560 807 598 aut
836 562 1011 611 perusta
1041 556 1202 599 solibus

418 614 605 669 pernicis
632 629 740 657 uxor
765 614 921 670 Apuli,

364 688 532 715 sacrum
562 673 745 716 vetustis
777 679 972 717 exstruat
1002 674 1137 731 lignis
1168 675 1316 718 focum

426 732 526 774 lassi
556 732 635 775 sub
665 732 899 775 adventum
928 733 1013 775 viri

205 806 239 832 45
365 791 651 847 claudensque
683 791 816 834 textis
848 792 1040 836 cratibus
1071 793 1233 836 laetum
1266 808 1393 850 pecus

416 850 606 893 distenta
631 850 760 894 siccet
788 847 919 894 ubera
1152 867 1157 870 ·

362 914 405 951 et
435 909 570 953 horna
599 909 718 953 dulci
747 910 849 953 vina
879 925 1078 966 promens
1107 911 1225 954 dolio

415 969 545 1024 dapes
575 969 792 1024 inemptas
822 969 1027 1026 adparet:

360 1043 445 1070 non
475 1043 542 1070 me
572 1028 757 1070 Lucrina
785 1028 976 1072 iuverint
1003 1030 1228 1086 conchylia

200 1101 237 1128 ω
416 1087 607 1143 magisve
634 1087 840 1130 rhombus
868 1094 945 1131 aut
971 1089 1094 1139 scari,

358 1146 507 1201 siquos
534 1147 640 1189 Eois
664 1147 864 1189 intonata
889 1147 1102 1191 fluctibus

413 1205 550 1248 hiems
581 1206 636 1248 ad
669 1205 747 1248 hoc
777 1212 920 1249 vertat
951 1221 1081 1258 mare,

360 1279 447 1307 non
471 1264 590 1307 Afra
615 1264 707 1307 avis
732 1265 962 1309 descendat
987 1266 1035 1309 in
1059 1272 1251 1309 ventrem
1277 1279 1436 1319 meum,

412 1338 498 1366 non
525 1329 703 1380 attagen
733 1324 909 1367 Ionicus

198 1397 234 1423 5⁶
359 1382 592 1425 iucundior
620 1398 751 1439 quam
780 1383 891 1427 lecta
920 1384 973 1427 de
1002 1384 1304 1441 pinguissimis

412 1442 526 1497 oliva
552 1443 684 1485 ramis
709 1442 914 1486 arborum

358 1507 435 1543 aut
459 1501 590 1544 herba
614 1501 783 1557 lapathi
809 1509 934 1558 prata
959 1503 1144 1546 amantis
1169 1510 1212 1546 et
1236 1504 1359 1559 gravi

411 1560 576 1603 malvae
604 1561 798 1604 salubres
830 1562 998 1617 corpori

356 1619 423 1661 vel
452 1635 566 1675 agna
595 1620 721 1662 festis
750 1635 870 1663 caesa
901 1621 1221 1664 Terminalibus

197 1692 233 1718 60
410 1679 477 1721 vel
505 1678 664 1722 haedus
692 1685 865 1735 ereptus
893 1680 1009 1736 lupo.

357 1737 432 1780 has
454 1737 569 1781 inter
591 1738 740 1794 epulas
762 1745 812 1782 ut
834 1739 956 1782 iuvat
978 1746 1120 1795 pastas
1143 1740 1234 1782 ovis

408 1796 554 1840 videre
583 1798 857 1853 properantis
888 1798 1078 1850 domum,

355 1856 501 1898 videre
527 1856 663 1899 fessos
689 1871 903 1900 vomerem
931 1858 1148 1901 inversum
1175 1858 1302 1902 boves

407 1915 517 1958 collo
543 1915 755 1959 trahentis
781 1916 991 1972 languido

196 1988 230 2014 65
356 1974 603 2030 positosque
633 1989 798 2026 vernas,
833 1976 939 2018 ditis
971 1991 1148 2019 examen
1180 1976 1346 2023 domus,

407 2033 569 2076 circum
590 2033 828 2077 renidentis
849 2034 1005 2078 Laris.’

289 2124 506 2170 ΘιΑΒσ
595 2125 777 2173 Θιιῑφ

290 2207 338 2242 37
368 2208 568 2255 [(D:AG]
689 2220 781 2254 quas
814 2220 919 2244 amor
940 2210 988 2256 Q)
1010 2210 1060 2257 (ᾧ
1085 2211 1217 2255 Porph.
1248 2210 1280 2254 (i
1309 2210 1414 2246 schol.
1436 2211 1538 2255 AV),

198 2254 313 2289 Roma
333 2267 425 2299 quas
445 2256 650 2291 Scrinerius
730 2256 781 2291 42
807 2258 850 2292 ob
874 2259 1002 2302 pernix
1029 2258 1135 2301 affert
1158 2258 1256 2294 Serv.
1274 2268 1389 2304 yeory.
1411 2261 1446 2299 3,
1463 2261 1538 2294 230

195 2300 344 2336 49—52
378 2303 420 2338 ob
451 2303 622 2338 intonat-a.
654 2305 769 2339 Prisc.
789 2307 824 2347 9,
844 2307 892 2339 37
920 2316 956 2349 p.
977 2308 1060 2348 473,
1089 2309 1141 2341 14.
1174 2309 1231 2348 11,
1251 2308 1298 2341 34
1326 2316 1365 2350 p.
1386 2308 1468 2349 570,
1486 2307 1538 2342 25

195 2350 259 2384 63.
287 2348 337 2385 64
364 2351 406 2386 ob
434 2352 486 2385 rei
507 2351 784 2387 similitudinem
808 2353 929 2395 adfert
954 2353 1048 2388 Serv.
1070 2352 1146 2388 buc.
1166 2355 1203 2395 2,
1223 2355 1272 2388 66
