1586 2514
618 81 760 119 SERM.
785 82 820 118 11
845 85 877 118 3.
1350 81 1438 124 219

78 180 371 248 tequioquam
386 180 638 239 indignum.
664 180 836 249 pudor”
852 180 1027 238 inquit
1030 180 1086 224 te
1102 181 1243 225 malus
1256 180 1398 238 angit,

77 239 252 284 insanos
278 241 358 298 qui
388 241 504 285 inter
530 256 702 285 vereare
729 241 909 285 insanus
937 240 1101 284 haberi.
1398 257 1434 284 ιο

77 299 271 357 primum
286 315 389 344 nam
403 300 641 358 inquiram,
656 301 765 359 quid
777 300 842 345 sit
854 301 1027 345 furere:
1049 301 1128 344 hoc
1142 299 1182 344 si
1195 301 1281 345 erit
1295 301 1400 345 inte

76 359 182 412 solo,
211 359 278 403 nil
306 360 442 414 verbi,
471 376 621 419 pereas
647 361 757 418 quin
785 361 978 413 fortiter,
1008 361 1184 405 addam.
1216 385 1270 391 ——

130 418 287 477 “quem
313 420 430 465 mala
454 420 652 465 stultitia
675 427 719 464 et
743 436 1059 479 quemcumque
1085 421 1263 465 inscitia
1287 422 1380 465 veri

77 494 250 524 caecum
278 480 389 538 agit,
421 481 625 525 insanum
654 481 895 539 Chrysippi
926 481 1120 538 porticus
1148 487 1192 524 et
1220 497 1326 538 grex

77 545 292 584 autumat.
329 540 432 584 haec
460 540 657 598 populos,
686 541 788 585 haec
815 557 997 598 magnos
1023 541 1219 585 formula
1245 557 1378 598 reges,
1400 558 1434 584 45

75 605 255 657 excepto
282 600 494 657 sapiente,
525 607 656 644 tenet.
695 616 811 644 nunc
839 602 998 668 accipe,
1028 616 1163 658 quare

77 658 299 727 desipiant
315 675 463 704 omnes
477 676 614 718 aeque
632 676 680 704 ac
698 666 761 714 tu,
779 661 857 718 qui
876 661 960 704 tibi
978 676 1136 704 nomen

75 719 229 763 insano
251 735 446 778 posuere
503 780 650 825 “velut
676 781 814 834 silvis,
846 781 923 826 ubi
951 781 1113 838 passim

76 838 267 895 palantis
297 855 416 884 error
445 846 562 885 certo
590 841 644 885 de
673 842 851 885 tramite
881 841 1023 898 pellit,

75 898 152 942 ille
178 899 493 953 sinistrorsum,
523 900 595 945 hio
621 901 897 945 dextrorsum
924 900 1032 952 abit,
1064 917 1174 945 unus
1203 902 1378 959 utrique
1396 918 1433 945 50

75 973 206 1011 error,
235 959 310 1003 sed
340 960 476 1004 variis
501 960 669 1004 inludit
696 961 923 1017 partibus:
960 960 1039 1003 hoc
1069 967 1110 1004 te

74 1018 199 1062 crede
226 1019 354 1063 modo
383 1019 601 1072 insanum,
629 1021 771 1064 nihilo
799 1027 849 1064 ut
876 1020 1118 1077 sapientior
1144 1021 1220 1064 ille

73 1077 151 1135 qui
184 1084 228 1122 te
261 1079 433 1123 deridet
462 1079 645 1124 caudam
677 1081 837 1124 trahat.

866 1140 957 1184 “est
985 1156 1124 1198 genus
1157 1157 1293 1185 unum

73 1197 293 1242 stultitiae
323 1199 514 1244 nihilum
546 1200 779 1244 metuenda
809 1199 1021 1252 timentis,
1055 1207 1105 1244 ut
1135 1201 1266 1258 ignis,

76 1263 126 1301 ut
156 1273 285 1315 rupes
318 1259 568 1316 fluviosque
600 1260 649 1304 in
682 1276 835 1317 campo
869 1260 1039 1304 obstare
1071 1268 1301 1330 queratur;
1395 1278 1431 1305 55

74 1317 263 1362 alterum
289 1324 333 1362 et
359 1318 462 1363 huic
488 1335 641 1364 varum
669 1326 715 1364 et
741 1321 882 1364 nihilo
910 1321 1153 1377 sapientius
1179 1322 1298 1378 ignis

74 1393 150 1434 per
174 1378 340 1422 medios
366 1379 616 1437 fluviosque
640 1381 832 1424 ruentis.
864 1381 1023 1424 clamet
1046 1381 1200 1433 amica,

76 1443 226 1490 mater,
254 1438 435 1482 honesta
461 1454 580 1483 soror
604 1456 703 1484 cum
729 1441 941 1498 cognatis,
969 1446 1106 1508 pater,
1135 1457 1268 1485 uxor:

74 1496 159 1540 *hio
191 1498 310 1542 fossa
343 1504 409 1542 est
440 1498 608 1556 ingens,
643 1500 714 1543 hic
746 1516 875 1557 rupes
908 1501 1127 1544 maxima:
1167 1502 1321 1547 serval'

75 1572 160 1601 non
190 1558 333 1615 magis
363 1558 569 1611 audierit,
599 1575 731 1617 quam
763 1560 930 1604 Fufius
960 1560 1106 1604 ebrius
1137 1561 1256 1614 olim,
1394 1579 1430 1605 σο

73 1632 172 1660 οιιιιι
200 1617 391 1662 Ilionam
419 1618 620 1671 edormit‚
650 1620 847 1664 Catienis
874 1620 996 1663 mille
1022 1620 1221 1665 ducentis

74 1676 241 1729 mater,
270 1683 312 1721 te
341 1677 529 1735 appello’
555 1679 860 1747 clamantibus.
909 1681 1010 1723 huic
1037 1696 1117 1737 ego
1144 1681 1298 1738 volgus

73 1737 209 1780 errori
241 1737 431 1781 similem
464 1745 668 1783 cunctum
698 1739 891 1783 insanire
923 1740 1095 1783 docebo.

74 1796 241 1840 insanit
270 1802 435 1840 veteres
467 1803 633 1842 statuas
665 1799 964 1856 Damasippus
996 1801 1201 1844 emendo:

71 1855 243 1913 integer
271 1861 335 1899 est
364 1857 522 1901 mentis
549 1858 812 1916 Damasippi
841 1858 1055 1902 creditor
1046 1860 1064 1891 ‘²
1101 1867 1204 1904 esto.
1393 1877 1427 1905 65

71 1915 231 1973 accipe
259 1916 376 1972 quod
408 1932 646 1974 numquam
676 1919 830 1962 reddas
860 1918 986 1961 mihi'
1016 1919 1052 1962 si
1084 1920 1170 1963 tibi
1198 1921 1365 1965 dicam:

164 1997 236 2044 Q)-
250 1998 333 2033 aE
425 1997 498 2046 QD:
515 2000 558 2035 Φ

164 2068 216 2105 89
242 2079 289 2104 an
292 2068 351 2115 git
374 2069 423 2116 Q)
453 2070 645 2117 (Bland.,)
676 2073 787 2118 urget
814 2073 845 2107 Φ
966 2071 1014 2108 41
1043 2074 1075 2109 si
1107 2074 1180 2109 erit
1203 2074 1268 2121 ᾧ,
1301 2074 1373 2110 siet
1401 2077 1432 2110 Φ

70 2116 123 2153 50
148 2137 192 2144 -
219 2128 321 2152 error
351 2117 395 2153 ob
425 2118 599 2156 adverbia
630 2121 900 2163 Prisc.15,19
925 2132 964 2166 Ρ.
994 2124 1126 2166 75,17
1222 2122 1372 2167 utrique
1400 2124 1431 2157 Φ

70 2165 235 2210 (Priscq)
261 2164 430 2210 utrisque
450 2166 491 2201 E
508 2169 550 2211 (a
567 2179 642 2204 non
661 2169 692 2204 le
692 2170 809 2215 yitur)
885 2167 937 2204 53
956 2169 1085 2205 trahat
1103 2171 1153 2217 ᾧ
1169 2169 1221 2218 (ᾧ
1238 2170 1345 2206 schol.
1362 2172 1435 2206 PV

63 2224 103 2259 Ρ.
125 2216 206 2257 141,
225 2216 289 2257 28,
314 2212 433 2249 trabit
459 2226 480 2254 ς
506 2217 546 2258 (a
571 2227 646 2252 non
672 2217 818 2271 leyitwr)
917 2216 969 2252 56
994 2228 1127 2253 uarum
1145 2218 1195 2264 Q)
1282 2219 1430 2264 Porph„

69 2260 218 2297 uarium
249 2262 291 2301 ῖς
412 2261 461 2297 57
495 2263 617 2299 amica
647 2266 769 2299 mater
800 2265 923 2310 iunyit
953 2267 1110 2312 Porph,
1148 2266 1234 2301 anic
1251 2276 1273 2300 a
1310 2268 1432 2302 mater

70 2309 208 2346 Horkez
277 2308 329 2345 62
353 2308 491 2356 uulgus
516 2313 609 2355 (-tus
629 2312 673 2358 1¹)
701 2312 775 2347 ΕΖι
798 2312 915 2357 Goth„
941 2313 1098 2360 uulgum
1126 2315 1192 2356 αλ,
1219 2313 1367 2350 uultum
1396 2315 1435 2351 F

69 2356 120 2393 08
146 2356 307 2394 similem
333 2359 510 2394 cunctum
534 2359 630 2407 ῶλ,
656 2359 792 2396 similis
818 2363 954 2396 cuncta.
981 2362 1021 2399 F
1022 2363 1036 2399 l
