1586 2514
193 120 280 163 290
733 121 880 158 EPIST.
905 121 939 156 Π
958 126 989 158 1.
1049 131 1051 133 ’

240 218 314 261 sed
342 223 439 261 tuos
467 218 536 262 hic
563 219 749 275 populus
777 219 947 275 sapiens
975 224 1018 262 et
1046 218 1185 262 iustus
1211 219 1259 263 in
1286 234 1372 263 uno

242 283 284 319 te
313 277 471 320 nostris
500 278 696 330 ducibus,
728 285 770 321 te
799 278 930 321 Grais
959 277 1240 322 anteferendo

188 351 224 378 20
242 342 381 380 cetera
411 352 684 394 nequaquam
713 337 851 380 simili
883 337 1050 381 ratione
1081 337 1292 394 modoque

242 395 443 439 aestimat
466 402 521 448 et,
548 396 634 439 nisi
658 412 767 452 quae
791 397 916 440 terris
940 402 1102 440 semota
1126 396 1299 453 suisque

243 455 509 511 temporibus
533 455 741 499 defuncta
765 455 897 508 videt,
923 455 1100 499 fastidit
1124 461 1166 499 et
1190 454 1298 506 odit,

240 513 302 556 sic
327 515 476 558 fautor
501 521 708 567 veterum,
736 522 784 558 ut
810 515 979 558 tabulas
1004 531 1176 572 peccare
1201 515 1401 568 vetantis,
1449 535 1453 538 ⁷

242 589 347 629 quas
374 574 440 617 bis
467 574 659 631 quinque
684 574 768 618 viri
796 580 1044 627 sanxerunt,
1072 574 1249 618 foedera
1275 589 1426 631 regum

189 647 223 674 25
241 633 308 676 vel
339 633 494 676 Gabiis
524 634 592 676 vel
623 649 720 677 cum
751 634 908 691 rigidis
939 640 1122 690 aequata
1155 633 1343 685 Sabinis,

242 692 508 748 pontificum
535 692 682 745 libros,
711 709 872 736 annosa
897 693 1120 736 volumina
1147 699 1296 736 vatum

245 751 418 794 dictitet
438 751 616 794 Albano
637 752 788 795 Musas
808 752 857 795 in
878 758 1026 795 monte
1045 753 1222 795 locutas.

240 811 292 861 si,
318 811 422 866 quia
447 810 682 853 Graiorum
707 818 808 853 sunt
831 810 1144 867 antiquissima·
1158 825 1352 867 quaeque

239 869 402 925 scripta
431 870 498 912 vel
529 870 710 926 optima,
742 870 931 912 Romani
961 875 1197 926 pensantur
1227 869 1375 913 eadem

189 943 224 969 30
240 929 471 984 scriptores
498 929 679 981 trutina,
709 944 794 972 non
821 935 885 972 est
911 929 1026 985 quod
1054 929 1194 972 multa
1220 929 1472 986 loquamur:

242 987 307 1029 nil
321 988 442 1030 intra
461 993 525 1030 est
545 988 650 1039 olea,
671 988 735 1030 nil
755 993 876 1031 extra
895 994 959 1031 est
977 988 1025 1031 in
1044 1003 1151 1031 nuce
1170 987 1294 1041 duri;

240 1046 436 1088 venimus
465 1047 520 1089 ad
550 1062 767 1089 summum
796 1047 1014 1098 fortunae,
1044 1047 1269 1103 pingimus
1298 1058 1428 1103 atque

241 1105 468 1161 psallimus
491 1111 535 1148 et
557 1106 774 1148 luctamur
797 1106 981 1149 Achivis
1004 1106 1171 1149 doctius
1196 1105 1349 1149 unctis.

239 1165 278 1206 si
302 1165 481 1207 meliora
504 1165 609 1216 dies,
636 1170 684 1207 ut
705 1165 820 1216 vina,
845 1171 1044 1221 poemata
1067 1165 1224 1217 reddit,

188 1238 223 1264 35
240 1224 349 1266 scire
373 1224 518 1275 velim,
547 1224 706 1267 chartis
732 1224 922 1280 pretium
947 1230 1105 1280 quotus
1130 1230 1302 1280 arroget
1327 1239 1477 1267 annus.

245 1283 428 1338 scriptor
451 1283 608 1326 abhinc
632 1298 765 1326 annos
789 1290 962 1326 centuni
987 1283 1065 1339 qui
1089 1283 1265 1335 decidit,
1289 1283 1404 1326 inter

242 1342 459 1397 perfectos>
483 1348 728 1398 veteresque
757 1342 912 1384 referri
942 1342 1067 1385 debet
1095 1358 1152 1386 an
1180 1342 1295 1385 inter

242 1401 341 1443 vilis
372 1407 501 1457 atque
532 1402 697 1444 novos?
728 1401 930 1444 excludat
960 1401 1106 1457 iurgia
1137 1400 1259 1444 finis.

242 1459 318 1502 ‘est
345 1466 467 1502 vetus
495 1467 624 1516 atque
652 1460 825 1516 probus,
855 1466 1027 1503 centum
1054 1460 1131 1516 qui
1161 1460 1340 1516 perficit
1368 1460 1530 1504 annos?

189 1535 224 1560 40
242 1519 384 1574 quid?
414 1520 490 1575 qui
521 1519 708 1575 deperiit
739 1519 881 1561 minor
913 1535 997 1562 uno
1028 1535 1170 1562 mense
1201 1519 1268 1562 vel
1298 1535 1425 1571 anno,

242 1578 356 1620 inter
386 1593 492 1633 quos
523 1578 774 1621 referendus
805 1578 923 1620 erit?
953 1584 1167 1621 veteresne
1198 1584 1345 1634 poetas

242 1653 298 1679 an
328 1652 433 1692 quos
465 1643 508 1679 et
534 1652 736 1693 praesens
767 1643 810 1679 et
840 1643 1010 1693 postera
1041 1644 1215 1693 respuat
1245 1638 1396 1681 aetas?

243 1695 337 1738 ‘iste
364 1696 541 1751 quidem
567 1702 728 1738 veteres
755 1696 869 1738 inter
896 1702 1080 1751 ponetur
1107 1697 1294 1748 honeste,

242 1755 319 1810 qui
342 1754 409 1797 vel
434 1770 577 1797 mense
601 1755 719 1798 brevi
743 1755 810 1797 vel
835 1761 927 1798 toto
953 1761 1015 1798 cst
1040 1755 1185 1798 iunior
1209 1754 1351 1798 anno.'

281 1882 446 1928 (DtaE
537 1881 717 1929 QDzRQ

283 1988 332 2024 18
358 1989 418 2023 hic
436 1989 484 2035 Q
501 1988 561 2036 Θ,
588 1988 658 2023 hoc
677 1999 711 2031 ς,
737 1988 869 2033 Porph.
890 1999 1020 2033 anceps
1093 1987 1140 2024 27
1162 1987 1320 2022 Dictitet
1338 1986 1464 2032 (Doct-
1484 1987 1534 2031 E,

188 2035 290 2072 Dicit
313 2038 351 2071 et
378 2037 461 2081 Ru)
491 2036 540 2082 Q
561 2035 628 2083 Q,
659 2015 772 2070 Dicat
797 2037 835 2070 et
859 2035 944 2071 Fu
1038 2034 1087 2070 28
1112 2035 1300 2081 graiorum
1326 2035 1366 2070 E
1382 2035 1533 2078 Beana„

187 2085 253 2120 hoc
283 2088 332 2119 est
356 2084 404 2129 Q
426 2083 492 2130 Q
524 2093 740 2129 graecorum
772 2084 881 2119 αΒΦ
999 2081 1047 2117 31
1075 2081 1159 2118 olea
1184 2094 1223 2126 ς,
1257 2081 1377 2117 oleam
1401 2082 1450 2129 Q
1471 2081 1532 2129 Q,

190 2131 322 2177 Porph.
349 2142 480 2176 anceps
610 2129 660 2165 33
692 2131 735 2166 ob
765 2129 961 2175 psallimus
992 2130 1149 2176 Eutych.
1174 2140 1324 2176 yramm.
1352 2130 1493 2173 V478,
1510 2133 1531 2164 1

189 2178 375 2214 luctamur
399 2178 447 2225 Q
469 2177 535 2224 Q,
568 2177 748 2213 saltamus
775 2179 872 2221 (Eut
898 2178 967 2221 eh)
993 2188 1036 2212 ex
1061 2178 1135 2213 loco
1160 2177 1315 2212 Sallusti
1345 2177 1408 2222 qui
1432 2157 1531 2212 an’te-

188 2227 281 2262 cedit
382 2225 526 2260 doctius
551 2225 673 2292 QQ
679 2253 688 2268 ,
622 2189 948 2272 Qdictionibus
968 2225 1087 2271 (Euty
1088 2225 1139 2259 eh.
1160 2224 1235 2260 cod.
1256 2224 1348 2259 Bob.
1355 2224 1396 2268 ¹),
1421 2223 1533 2258 citius

190 2273 310 2319 (Euty
312 2274 363 2308 ch.
383 2273 458 2308 cod.
479 2274 591 2308 Bob.²
615 2273 768 2317 Paris),
793 2273 889 2308 unde
914 2271 1042 2307 scitius
1068 2284 1089 2311 ς
1162 2271 1210 2306 37
1238 2282 1310 2316 que
1333 2271 1391 2318 Q,
1416 2281 1463 2306 ne
1488 2274 1529 2312 ῶ

189 2319 238 2355 41
274 2322 403 2365 poetas
427 2320 475 2366 Θ
498 2320 564 2367 Q
598 2320 807 2364 probosque
843 2320 996 2365 Bentley
1145 2317 1197 2353 42
1231 2283 1381 2364 rqespuat
1412 2318 1529 2364 Qffl

191 2368 339 2410 Bland„
365 2368 514 2412 respuet
539 2368 619 2402 Fu
