1586 2514
189 106 277 150 254
714 107 859 144 EPIST.
884 106 901 143 I
921 111 952 143 1.
974 113 1005 143 2.

259 210 427 249 aestuat
459 210 501 248 et
530 205 645 249 vitae
674 205 943 249 disconvenit
973 205 1123 249 ordine
1152 210 1259 258 toto,

190 279 243 306 100
261 264 414 315 diruit,
447 263 670 318 aedificat,
701 271 843 308 mutat
870 265 1082 322 quadrata
1111 263 1344 308 rotundis?

259 323 449 366 insanire
479 329 608 379 putas
636 324 861 367 sollemnia
890 340 957 367 me
985 339 1122 380 neque
1150 323 1264 367 rides

260 398 335 425 nec
366 382 524 425 medici
550 383 690 426 credis
718 399 794 427 nec
822 384 1033 427 curatoris
1061 398 1183 440 egere

260 457 285 484 a
312 447 508 497 praetore
534 441 641 494 dati,
668 458 812 486 rerum
838 443 975 486 tutela
1000 458 1193 486 mearum

260 516 357 544 cum
387 501 447 544 sis
476 506 519 544 et
546 516 676 559 prave
705 508 868 546 sectum
897 502 1173 545 stomacheris
1203 501 1256 545 ob
1286 517 1476 559 unguem

191 575 242 602 105
261 559 313 603 de
340 565 382 603 te
405 560 647 616 pendentis,
673 566 715 604 te
739 561 1009 618 respicientis
1033 560 1198 604 amici?

260 619 314 662 ad
345 635 583 662 summam:
619 620 790 676 sapiens
819 635 904 664 uno
933 621 1076 664 minor
1104 626 1168 663 est
1197 620 1312 672 Iove,
1343 620 1474 673 dives,

259 678 384 730 liber,
414 678 661 732 honoratus,
686 679 847 735 pulcer,
872 695 947 723 rex
973 679 1158 736 denique
1182 695 1347 736 regum,

260 737 490 794 praecipue
518 753 661 791 sanus,
690 739 775 782 nisi
803 754 900 782 cum
928 739 1088 796 pitvita
1115 739 1294 782 molesta
1321 744 1396 782 est.

827 893 890 936 II.

261 975 441 1018 Troiani
474 974 579 1018 belli
610 975 877 1032 scriptorem,
910 976 1109 1020 Maxime
1142 976 1274 1029 Lolli,

261 1035 366 1083 dum
396 1040 445 1078 tu
472 1035 686 1078 declamas
714 1036 892 1088 Romae,
922 1036 1153 1080 Praeneste
1180 1035 1339 1093 relegi3

263 1097 345 1149 qui,
364 1094 466 1149 quid
486 1097 541 1136 sit
559 1096 764 1149 pulcrum,
785 1095 887 1150 quid
905 1098 1039 1150 turpe,
1060 1095 1162 1150 quid
1180 1096 1295 1150 utile,
1315 1094 1417 1150 quid
1433 1109 1533 1149 non,

260 1154 435 1209 planius
463 1169 511 1197 ac
539 1154 694 1197 melius
721 1154 969 1211 Chrysippo
996 1161 1039 1197 et
1065 1155 1275 1198 Crantore
1301 1155 1422 1198 dicit.

223 1227 241 1254 5
260 1228 335 1256 cur
361 1213 425 1256 ita
450 1213 720 1265 crediderim,
746 1213 833 1257 nisi
856 1214 961 1270 quid
989 1219 1031 1257 te
1056 1214 1233 1265 detinet,
1260 1214 1377 1258 audi.

261 1272 428 1323 fabula,
460 1288 546 1328 qua
574 1272 750 1316 Paridis
778 1279 954 1330 propter
982 1279 1183 1317 narratur
1209 1289 1399 1317 amorem

261 1331 447 1375 Graecia
474 1331 698 1375 barbariae
723 1332 840 1375 lento
865 1332 1014 1376 collisa
1039 1332 1196 1385 duello,

260 1391 495 1434 stultorum
523 1406 675 1448 regum
701 1397 743 1434 et
768 1392 1027 1448 populorum
1053 1392 1245 1435 continet
1270 1397 1423 1436 aestus.

262 1450 461 1493 Antenor
491 1456 633 1493 censet
661 1450 764 1493 belli
793 1452 1037 1507 praecidere
1063 1466 1261 1495 causam:

210 1525 242 1551 ιο
258 1510 368 1566 quid
399 1510 560 1553 Paris?
589 1515 638 1553 ut
664 1510 802 1562 salvos
828 1516 981 1567 regnet
1006 1511 1207 1568 vivatque
1235 1511 1397 1563 beatus,

261 1569 357 1625 cogi
383 1584 508 1625 posse
536 1574 680 1625 negat.
727 1569 886 1612 Nestor
913 1585 1149 1626 conponere
1175 1570 1269 1613 litis

260 1628 376 1671 inter
406 1628 590 1671 Peliden
616 1628 799 1671 festinat
826 1634 868 1671 et
894 1629 1010 1672 inter
1035 1629 1240 1673 Atriden.

258 1687 371 1729 hunc
397 1702 524 1741 amor,
549 1690 613 1729 ira
637 1687 805 1742 quidem
831 1691 1108 1730 communiter
1133 1691 1219 1730 urit
1243 1690 1479 1744 utrumque.

260 1747 477 1803 quidquid
506 1747 694 1790 delirant
718 1763 851 1803 reges,
878 1748 1126 1803 plectuntur
1150 1747 1325 1791 Achivi.

211 1822 242 1848 15
259 1806 488 1858 seditione,
517 1806 643 1858 dolis,
671 1806 824 1849 scelere
850 1813 979 1863 atque
1005 1806 1190 1850 libidine
1216 1813 1258 1850 et
1283 1807 1349 1850 ira

284 1922 518 1969 &aAEE
610 1922 790 1969 {9:1ss4>

287 2029 378 2065 100.
399 2029 449 2064 99
474 2029 614 2065 inverso
639 2028 765 2065 ordine
789 2030 832 2065 ob
850 2030 1064 2065 sententiam
1082 2030 1216 2077 alleqat
1235 2030 1334 2065 Hier.
1354 2031 1395 2066 in
1414 2030 1494 2066 eccl.
1511 2033 1534 2065 3

193 2078 340 2124 (Miyree
370 2080 436 2120 23,
464 2080 574 2121 1036)
697 2076 769 2112 101
802 2079 912 2122 putas
936 2077 1053 2124 (926
1078 2078 1230 2123 Porph„
1266 2079 1376 2123 putat
1400 2077 1533 2113 RFlu

193 2125 267 2161 103
293 2136 374 2160 cum
400 2125 561 2160 lemmate
585 2127 732 2169 pretore
757 2126 917 2170 eaeempla
951 2126 1064 2161 Vatic.
1085 2128 1132 2161 70
1229 2124 1303 2161 108
1329 2126 1371 2161 ob
1395 2125 1534 2170 pituita

192 2173 354 2218 exempla
381 2172 494 2208 Vatic.
515 2173 596 2208 148.
622 2174 695 2207 224

287 2220 326 2266 2,
346 2218 371 2254 4
398 2219 549 2255 Planius
574 2220 622 2266 Q)
640 2220 745 2255 schol.
766 2220 843 2255 PV
854 2231 893 2265 p.
913 2223 998 2264 216,
1017 2222 1066 2256 23
1084 2219 1290 2266 (apertius),
1316 2219 1466 2255 Plenius
1484 2220 1535 2268 Θ

192 2268 215 2304 5
242 2268 385 2302 detinet
412 2268 517 2303 Goth.
545 2279 584 2310 ς,
622 2267 785 2302 destinet
808 2267 934 2315 OEQ,
966 2267 1121 2302 distinet
1152 2267 1329 2312 (distenet
1356 2267 1409 2313 F)
1441 2268 1534 2304 Fi&

192 2315 215 2350 8
241 2317 366 2350 aestus
385 2315 432 2361 (D
445 2316 475 2358 λ,
501 2317 644 2350 aestum
668 2314 719 2362 Θ
737 2315 874 2350 Bland.
961 2315 1011 2351 10
1037 2314 1133 2357 Quid
1151 2314 1271 2362 ῶρῇ,
1297 2313 1402 2357 Quod
1421 2315 1533 2351 Γλῑδ

191 2362 240 2399 13
268 2362 374 2398 Hunc
399 2362 519 2409 φῶ,
545 2362 653 2397 Nunc
682 2364 712 2397 Φ
