1586 2514
626 91 765 128 EPOD.
793 97 824 127 2.
845 94 878 126 3.
943 90 949 97 “
1346 94 1430 137 147

230 189 333 234 haec
355 190 433 234 ubi
457 189 626 234 locutus
649 190 900 234 faenerator
922 191 1094 243 Alfius,

283 249 373 294 iam
401 249 491 293 iam
522 250 702 294 futurus
732 250 933 303 rusticus,

227 324 402 353 omnem
429 308 601 366 redegit
628 310 776 354 idibus
805 311 1049 370 pecuniam,

280 368 456 426 quaerit
482 367 680 413 kalendis
708 385 879 426 ponere.
1393 389 1427 417 ἰο

699 597 785 640 [ΙΙ.

225 678 430 724 Parentis
456 680 565 724 olim
593 679 732 737 siquis
760 681 884 738 inpia
913 697 1046 725 manu

273 739 411 783 senile
435 746 593 797 guttur
618 740 818 797 fregerit,

221 798 316 843 edit
337 799 492 844 cicutis
513 799 653 844 alium
676 801 914 845 nocentius.

275 874 300 902 o
325 859 436 904 dura
460 874 699 904 messorum
725 860 818 904 ilia.

218 918 330 976 quid
357 918 436 964 hoc
462 920 617 964 veneni
644 920 784 964 saevit
811 921 859 965 in
886 922 1188 978 praecordiis?
1402 942 1419 968 ⁶

274 994 380 1024 num
406 979 632 1037 viperinus
660 980 729 1024 his
757 996 883 1025 cruor

220 1037 416 1083 incoctus
439 1039 585 1084 herbis
609 1056 678 1084 me
703 1040 908 1085 fefellit?
941 1057 998 1086 an
1022 1042 1159 1087 malas

273 1098 464 1144 Canidia
489 1100 696 1144 tractavit
722 1100 890 1157 dapes?

216 1163 270 1202 ut
293 1158 578 1216 Argonautas
604 1166 777 1217 praeter
802 1161 944 1205 omnis
969 1162 1208 1207 candidum

270 1218 432 1263 Medea
451 1219 613 1263 mirata
633 1225 698 1263 est
718 1220 886 1273 ducem,
1383 1240 1417 1268 ιο

213 1277 370 1335 ignota
396 1279 535 1323 tauris
562 1278 855 1336 inligaturum
883 1280 990 1339 iuga

268 1338 479 1395 perunxit
502 1339 582 1383 hoc
608 1339 822 1393 Iasonem,

216 1397 295 1442 hoc
324 1398 535 1443 delibutis
566 1399 661 1443 ulta
691 1400 818 1444 donis
848 1401 1058 1458 paelicem

263 1464 464 1516 serpente
486 1459 611 1516 fugit
634 1460 752 1503 alite.

214 1533 291 1562 nec
321 1523 470 1562 tantus
501 1534 710 1576 umquam
741 1520 935 1564 siderum
966 1521 1130 1566 insedit
1159 1538 1293 1580 vapor
1381 1541 1413 1568 15

262 1577 514 1623 siticulosae
539 1578 734 1636 Apuliae

212 1653 290 1682 nec
315 1653 473 1682 munus
499 1639 663 1682 umeris
686 1640 891 1684 efficacis
918 1641 1123 1686 Herculis

264 1698 424 1742 inarsit
449 1699 704 1743 aestuosius.

209 1763 255 1801 at
283 1757 432 1815 siquid
463 1774 672 1816 umquam
703 1760 790 1803 tale
820 1762 1132 1818 concupiveris,

262 1817 403 1862 iocose
428 1818 674 1871 Maecenas,
703 1835 865 1876 precor,
1371 1839 1410 1868 90

208 1893 388 1922 manum
413 1878 561 1935 puella
584 1879 706 1923 savio
732 1887 924 1937 opponat
950 1887 1040 1935 tuo,

261 1943 456 1982 extrema
482 1944 529 1982 et
557 1938 607 1982 in
633 1940 800 1996 sponda
830 1941 970 1984 cubet.

138 2163 189 2211 Q)
225 2162 309 2200 Ao
398 2163 580 2212 {13:34⁵

139 2270 180 2319 8,
201 2271 221 2306 1
251 2271 264 2318 [
328 2271 500 2319 zABc]
612 2272 636 2308 3
665 2272 752 2308 Edit
775 2274 824 2321 (D
840 2274 891 2323 Θ
916 2275 1056 2315 Bland.
1082 2276 1232 2323 Por-ph„
1257 2277 1356 2314 Edat
1381 2292 1404 2319 ς

41 2318 69 2355 9
97 2318 283 2367 [ῶιΑΟ
445 2319 498 2357 2⁰
533 2320 658 2357 iocose
687 2322 736 2369 Ε)
758 2322 809 2370 Θ
838 2323 994 2368 Ρονρλ.,
1031 2323 1159 2360 iocosa.
1197 2325 1405 2364 Markland

41 2366 109 2404 21.
135 2367 186 2403 22
211 2369 255 2404 ob
279 2379 353 2404 rem
379 2369 513 2416 alleyat
539 2370 674 2415 Porph.
700 2382 725 2415 ε,
745 2372 801 2406 od.
830 2374 886 2414 14,
902 2374 948 2407 13

1118 2434 1187 2468 10*
