1586 2514
515 94 661 132 CARM.
686 94 805 131 11119.
830 98 884 130 ιο.
908 99 962 130 ιι.
1336 94 1416 137 131

272 209 360 239 non
386 194 680 252 possidentem
707 192 850 236 multa
875 193 1096 236 vocaveris
1383 209 1419 235 4⁵

271 260 386 298 recte
403 254 604 307 beatum3
631 252 789 296 rectius
807 258 991 308 occupat

325 329 484 358 nomen
513 313 631 357 beati
661 312 739 370 qui
771 311 951 355 deorum

378 372 633 418 muneribus
658 372 875 429 sapienter
901 371 969 414 uti

269 457 512 514 duramque
532 456 662 500 callet
682 455 935 512 pauperiem
957 455 1052 511 pati

268 516 479 574 peiusque
501 516 589 560 leto
611 514 844 573 flagitium
868 514 1009 566 timet,
1378 531 1415 558 50

323 591 412 621 non
432 576 509 620 ille
531 591 611 634 pro
633 576 744 620 caris
767 574 920 619 amieis

377 642 454 680 aut
483 635 630 693 patria
660 635 844 679 timidus
875 634 1030 692 perire.

697 814 759 857 X.

107 885 146 930 O
177 887 365 930 crudelis
395 886 536 930 adhuc
566 892 611 930 et
640 886 820 930 Veneris
850 885 1105 929 muneribus
1136 891 1302 942 potens,

103 946 327 1003 insperata
350 951 451 990 tuae
475 961 575 989 cum
598 945 743 989 veniet
767 945 919 1001 pluma
936 944 1172 1001 superbiae

101 1011 160 1056 et,
184 1021 298 1062 quae
322 1020 436 1049 nunc
461 1005 623 1049 umeris
648 1005 897 1055 involitant‚
924 995 1169 1048 deciderint
1193 1019 1353 1056 comae,

104 1081 220 1108 nune
241 1072 286 1108 et
307 1065 386 1121 qui
409 1064 527 1108 color
549 1070 614 1108 est
636 1064 844 1121 puniceae
867 1063 982 1106 flore
1006 1064 1128 1120 prior
1150 1079 1271 1108 rosae

104 1154 314 1201 mutatus,
341 1148 572 1205 Ligurine,
598 1149 648 1192 in
672 1147 833 1191 faciem
857 1146 1038 1190 verterit
1064 1146 1299 1205 hispidam,
1391 1163 1409 1192 5

100 1207 220 1252 dices
244 1207 372 1260 ‘heu',
396 1207 600 1265 quotiens
625 1214 668 1251 te
692 1208 740 1251 in
764 1207 937 1264 speculo
961 1206 1127 1251 videris
1151 1208 1351 1260 alterum,

101 1267 226 1324 ‘quae
250 1283 372 1312 mens
394 1273 462 1311 est
485 1267 628 1320 hodie,
655 1283 732 1311 cur
756 1266 906 1310 eadem
932 1282 1019 1310 non
1045 1282 1180 1324 puero
1205 1267 1299 1311 fuit

100 1327 169 1371 vel
194 1343 271 1371 cur
296 1327 366 1371 his
389 1327 551 1371 animis
577 1327 815 1371 incolumes
840 1341 928 1369 non
954 1326 1139 1371 redeunt
1165 1342 1301 1384 genae
1318 1328 1351 1369 ?'

677 1506 766 1549 XI.

262 1579 342 1622 Est
362 1578 474 1621 mihi
496 1593 660 1622 nonum
682 1578 928 1634 superantis
949 1593 1114 1624 annum

259 1638 413 1694 plenus
434 1637 603 1682 Albani
625 1638 770 1689 cadus,
795 1642 859 1680 est
881 1637 929 1680 in
951 1636 1092 1689 horto,

261 1697 428 1753 Phylli,
448 1697 671 1741 nectendis
690 1697 841 1753 apium
861 1696 1044 1748 coronis,

313 1762 377 1800 est
405 1756 585 1800 hederae
612 1757 679 1800 vis

256 1840 410 1891 multa,
434 1855 522 1897 que.
544 1839 678 1883 crinis
701 1839 887 1895 religata
911 1839 1074 1895 fulges,
1385 1858 1402 1883 5

258 1899 374 1943 ridet
397 1906 581 1956 argento
605 1899 773 1950 domus,
800 1914 875 1941 ara
901 1899 1033 1943 castis

256 1958 403 2002 vincta
433 1959 631 2002 verbenis
663 1964 760 2002 avet
790 1958 1019 2002 immolato

306 2019 508 2075 spargier
534 2034 648 2075 agno
662 2035 671 2072 3

136 2101 206 2148 ῶς
220 2100 262 2136 Α
356 2099 542 2148 &21:345

136 2171 189 2208 46
214 2173 299 2220 [Θε
312 2172 424 2227 AB]
527 2172 578 2208 52
604 2173 725 2218 perire
830 2172 970 2208 Bland
997 2173 1152 2218 Por-ph„
1181 2173 1324 2218 peribit
1352 2173 1401 2220 (D

138 2220 188 2256 10
235 2221 260 2256 ὃ
298 2219 393 2267 Ligu
395 2219 475 2255 rinc
505 2221 733 2263 Torrentvssus
787 2220 977 2265 igutinum
1001 2221 1051 2268 Q)
1079 2220 1131 2269 (τῇ
1199 2221 1236 2256 in
1264 2220 1398 2257 faciem

39 2268 197 2307 uerterit
165 2269 269 2361 Ῑᾷῦ)
290 2232 393 2323 (ῲῗυ
379 2268 535 2304 uerterit
559 2268 597 2304 in
624 2268 759 2304 faciem
788 2270 819 2303 Φ
915 2269 940 2304 6
965 2268 1006 2303 in
1029 2268 1088 2316 G).
1114 2270 1237 2305 omisit
1258 2269 1310 2317 Θ

299 2317 399 2352 ridet
435 2316 640 2352 --domus
678 2313 721 2352 ob
758 2316 880 2352 ridere
916 2317 1014 2353 Sea-„v
1048 2321 1136 2353 auct
1179 2318 1256 2353 buc.
1283 2321 1322 2361 4,
1348 2320 1398 2352 20

41 2363 62 2400 ⁷
89 2365 178 2400 anet
201 2364 266 2412 Q),
289 2363 408 2401 habet
429 2362 481 2412 ᾧ)

295 2435 297 2437 .
1136 2424 1181 2460 9·
