1586 2514
172 123 198 165 6
564 126 774 164 SVETONI
800 128 916 166 VITA
940 130 1123 169 HORA'rl

172 222 241 263 sed
285 223 420 265 multo
465 227 601 280 magis
640 228 835 268 extremis
873 228 1039 271 iudiciis
1073 231 1149 272 tali
1187 231 1239 273 ad
1272 231 1517 289 Augustum

171 282 327 336 elogio:
354 281 510 324 Horati
533 283 685 326 Flacci
708 289 755 327 ut
778 287 860 328 mei
883 291 963 330 esto
987 302 1149 331 memor.

229 339 450 395 Augustus
477 344 754 397 epistularum
780 359 946 401 quoque
966 350 1004 388 ei
1023 348 1209 390 officium
1228 349 1395 405 obtulit,
1413 350 1516 405 <ut>

170 399 250 441 hoc
265 399 327 451 ‚ad
351 399 636 444 Maecenatem
668 406 824 458 scripto
857 406 1085 460 sig-nificat:
1116 410 1211 450 ante
1233 411 1318 463 ipse
1340 410 1517 464 sufficic-

134 475 149 500 5
170 457 263 500 bam
294 459 520 503 scribendis
549 461 738 515 epistulis
767 465 1011 507 amicorum:
1042 479 1153 509 nunc
1181 469 1517 522 occupatissimus

169 520 205 558 ct
244 518 439 570 infirmus
475 519 704 563 Horatium
742 525 927 565 nostrum
964 523 1048 578 (a)
1085 528 1122 567 te
1156 527 1274 580 cupio
1309 526 1516 571 abducere.

167 577 297 618 veniet
327 590 419 631 erqo
451 578 503 619 ab
534 580 618 621 ista
639 581 878 634 parasitica
907 595 1050 626 mensa
1081 584 1139 627 ad
1166 584 1274 628 hanc
1296 587 1456 641 reyiam
1480 590 1519 629 et

167 648 241 677 nos
281 635 325 677 in
361 636 548 690 epistulis
583 638 811 683 scribendis
849 640 1077 685 adiuvabit.
1133 657 1179 685 ac
1215 658 1270 687 ne
1305 648 1516 688 recusanti

168 694 335 749 quidem
361 699 435 737 aut
461 701 699 740 succensuit
724 702 948 755 quicquam
973 703 1047 743 aut
1071 705 1298 746 amicitiam
1317 718 1437 747 suam
1454 708 1516 748 in·

114 771 148 796 10
166 769 309 809 gerere
329 755 463 798 desiit.
495 759 662 800 exstant
681 760 896 815 epistulae,
916 775 937 802 e
957 760 1109 816 quibus
1129 766 1367 818 argumenti
1379 766 1517 820 gratia

166 828 300 868 pauca
326 815 501 858 subieci:
526 829 642 859 sume
665 818 741 860 tibi
764 818 928 872 aliquid
948 820 1056 863 iuris
1077 822 1192 875 apud
1210 835 1284 874 me,
1304 826 1516 877 tamquam

165 873 204 915 si
229 875 430 916 convictor
454 875 561 917 mihi
582 877 736 930 fueris,·
767 881 869 920 recte
893 880 1003 921 enim
1028 883 1065 922 et
1087 893 1171 922 non
1195 883 1339 925 temere
1359 883 1516 938 feceris,

164 933 361 985 quoniam
401 934 445 975 id
478 948 580 977 usus
616 936 719 978 mihi
756 940 884 979 tecum
921 951 1004 981 esse
1033 939 1159 993 volui,
1197 941 1238 983 si
1260 955 1338 995 per
1367 941 1515 985 valetu-

166 991 305 1034 dinem
338 995 453 1035 tuam
482 995 576 1047 fieri
598 997 744 1049 possit.
796 999 837 1038 et
868 1012 1032 1040 rursus:
1065 999 1126 1040 tui
1155 999 1318 1053 qualem
1341 1001 1512 1044 habeam

112 1066 145 1093 1⁶
166 1052 417 1107 memoriam,
436 1053 594 1106 poteris
611 1067 661 1096 ex
679 1054 878 1108 Septimio
895 1070 1049 1111 quoque
1065 1061 1202 1100 nostro
1220 1058 1389 1110 audire5
1414 1073 1510 1103 nam

166 1109 313 1153 incidit
342 1114 387 1153 ut
418 1111 489 1154 illo
513 1126 652 1155 coram
676 1115 790 1167 fieret
813 1128 841 1157 a
865 1128 929 1157 mc
953 1115 1014 1158 tui
1038 1117 1197 1160 mentio.
1252 1131 1380 1173 neque
1402 1119 1514 1162 enim

164 1168 203 1211 si
228 1172 271 1211 tu
294 1171 490 1223 superbus
515 1172 747 1216 amicitiam
771 1177 956 1217 nostram
980 1175 1181 1231 sprevisti,
1206 1175 1297 1220 ideo
1320 1190 1396 1221 nos
1419 1192 1514 1232 quo·

164 1241 240 1281 que
271 1228 727 1284 ἀντυπερηφανοῦμεν.
769 1235 983 1288 praeterea
1008 1249 1129 1290 saepe
1154 1249 1250 1277 eum
1273 1238 1384 1279 inter
1408 1238 1513 1280 alios

164 1290 278 1330 iocos
307 1288 598 1343 ‘purissimum
621 1291 844 1346 pene<m>'
871 1295 912 1334 et
944 1293 1284 1337 ‘homuncionem
1307 1296 1513 1351 lepidissi-

111 1362 146 1389 πο
165 1347 297 1388 mum'
324 1349 510 1403 appellat
535 1363 701 1406 unaque
727 1353 768 1393 et
794 1352 925 1394 altera
950 1352 1201 1396 liberalitate
1225 1354 1511 1410 locupletavit.

164 1408 322 1461 scripta
359 1408 528 1463 quidem
566 1412 654 1451 eius
692 1424 824 1466 usque
863 1410 963 1453 adeo
1002 1412 1198 1467 probavit
1233 1427 1513 1470 mansuraque

164 1469 368 1520 perpetua
399 1470 597 1522 opinatus
631 1471 711 1523 est,
748 1472 795 1511 ut
827 1484 917 1512 non
948 1471 1073 1514 modo
1106 1473 1316 1515 saeculare
1347 1487 1512 1516 carmen

165 1525 488 1580 conponendum
525 1530 757 1570 Iniunxerit
801 1529 871 1571 sed
917 1532 957 1571 et
994 1529 1258 1574 vindelicam
1294 1534 1511 1575 victoriam

164 1582 321 1627 Tiberii
346 1584 558 1641 Drusique
589 1589 883 1643 privignorum
915 1603 1088 1631 suorum
1119 1604 1296 1646 eumque
1330 1595 1512 1648 coegerit

111 1657 144 1684 π
164 1645 337 1699 propter
367 1644 447 1687 hoc
478 1645 614 1688 tribus
647 1649 878 1689 carminum
910 1648 1030 1690 libris
1057 1664 1106 1691 ex
1131 1650 1262 1706 longo
1288 1652 1510 1694 intervallo

166 1706 363 1758 quartum
406 1704 574 1759 addere3
613 1709 714 1760 post
757 1721 967 1750 sermones
1005 1723 1103 1751 vero
1141 1709 1346 1764 quosdam
1381 1711 1509 1753 lectos

162 1763 326 1804 nullam
352 1766 417 1805 sui
438 1767 696 1807 mentionem
720 1766 907 1808 habitam
931 1769 992 1808 ita
1017 1770 1073 1809 sit
1091 1771 1282 1823 questus:
1306 1769 1435 1812 irasci
1451 1783 1511 1812 me

163 1820 240 1863 tibi
268 1822 376 1875 scito,
408 1823 517 1877 quod
538 1837 622 1866 non
647 1825 694 1866 in
710 1824 918 1878 plerisque
942 1826 1143 1869 eiusmodi
1166 1828 1332 1882 scriptis
1354 1842 1509 1871 mecum

156 1880 423 1934 potissimum
447 1881 640 1935 loquaris.
690 1897 748 1925 an
772 1884 923 1926 vereris
947 1898 998 1927 ne
1020 1885 1137 1939 apud
1157 1889 1336 1939 posteros
1352 1887 1511 1941 infame

260 2043 279 2079 1
308 2044 459 2080 iudiciis
475 2056 544 2081 om.
565 2046 704 2081 Bland.
791 2046 815 2082 3
835 2047 1027 2093 Augustus
1046 2048 1290 2094 epistularum
1310 2069 1353 2075 —
1374 2049 1509 2099 Caesar

164 2092 212 2135 (p.
227 2092 283 2127 71.
300 2093 336 2135 6)
355 2103 421 2127 om.
444 2105 465 2131 ς
527 2091 660 2140 4<ut)
675 2094 760 2129 add.
776 2095 984 2131 Lambinus
1048 2095 1072 2131 5
1092 2095 1339 2131 rescribendis
1354 2097 1393 2132 0.
1407 2097 1508 2132 Jahn

163 2138 189 2172 6
203 2138 283 2184 (a)
298 2139 488 2183 Nunnius,
504 2151 571 2176 om.
586 2140 686 2176 codd.
761 2141 945 2177 adducere
959 2144 1028 2187 (ΓΡ)
1037 2154 1066 2187 p
1083 2143 1250 2179 Muretus
1328 2143 1352 2178 8
1363 2143 1508 2178 iuvabit

160 2196 189 2230 p
213 2185 391 2221 Nannius
535 2185 584 2222 14
615 2198 666 2223 an
696 2187 905 2234 potuisset?
1050 2188 1099 2225 18
1123 2190 1507 2235 ἀνθυπερηφανοῦμεν

166 2231 422 2277 casaubonus,
465 2245 816 2280 ανεπερεφανουμεν
858 2236 970 2282 sz,
1018 2248 1331 2282 αντηρφανουμεν
1367 2238 1506 2273 Bland.

165 2278 215 2314 19
240 2291 372 2326 penem
394 2281 575 2326 Muretus,
600 2293 693 2327 pene
718 2283 819 2319 codd,
870 2282 921 2319 20
945 2284 1069 2319 malim
1089 2283 1306 2330 appellabat
1354 2283 1403 2319 22
1422 2294 1506 2330 per-

191 2330 277 2363 etuo
297 2328 496 2374 Bland.(?)
559 2330 733 2375 opinatus
759 2332 816 2366 est
833 2342 899 2367 om.
921 2331 1060 2367 Bland.
1139 2330 1187 2367 27
1203 2343 1256 2376 sq.
1282 2331 1506 2368 mentionem

164 2338 304 2410 factam
331 2376 548 2420 Lambinus,
573 2377 755 2413 rationem
780 2378 951 2413 habitam
977 2379 1022 2414 L.
1049 2378 1187 2415 Mulier
