1586 2514
446 529 1037 598 CARMINVM

504 649 703 694 LIBER
728 648 982 694 PRIMVS.

718 746 756 789 Ι.

224 841 456 886 Maecenas
479 841 621 886 atavis
647 841 765 885 edite
788 840 981 898 regibus,

224 915 251 945 o
274 906 319 945 et
340 901 612 959 praesidium
637 908 680 945 et
703 901 830 945 dulce
855 901 984 944 decus
1010 915 1180 944 meum:

223 966 328 1005 sunt
351 975 461 1018 quos
486 961 704 1005 curriculo
729 960 952 1018 pulverem
980 959 1265 1018 Olympicum

224 1019 450 1078 collegisse
478 1021 603 1065 iuvat
633 1027 835 1077 metaque
865 1020 1052 1064 fervidis

222 1126 389 1172 evitata
415 1127 524 1172 rotis
553 1128 786 1185 palmaque
813 1128 989 1172 nobilis.
1409 1142 1429 1171 ⁶

224 1192 441 1232 terrarum
455 1187 657 1232 dominos
673 1188 819 1232 evehit
833 1187 889 1232 ad
907 1188 1009 1232 deos

225 1246 354 1300 huno,
370 1246 411 1292 si
428 1247 662 1292 mobilium
679 1248 810 1292 turba
827 1247 1075 1304 Quiritium

224 1312 364 1351 certat
379 1307 636 1365 tergeminis
653 1308 805 1352 tollere
822 1308 1074 1360 honoribus,

223 1413 369 1468 illum,
395 1414 436 1459 si
465 1415 645 1473 proprio
672 1415 873 1460 condidit
901 1415 1053 1459 horreo

224 1474 444 1532 quidquid
471 1474 526 1519 de
554 1475 737 1533 Libyeis
762 1476 953 1520 verritur
981 1475 1106 1519 areis.
1395 1490 1430 1518 10

223 1535 491 1593 gaudentem
511 1535 678 1593 patrios
702 1536 877 1580 findere
898 1536 1067 1580 sarculo

225 1609 355 1653 agros
374 1595 588 1640 Attalicis
611 1595 941 1640 condicionibus

225 1717 468 1760 numquam
488 1703 727 1757 demoveas,
754 1710 804 1748 ut
825 1703 949 1748 trabe
973 1703 1141 1761 Cypria

225 1762 460 1820 Myrtoum
482 1763 667 1820 pavidus
691 1770 827 1808 nauta
848 1770 962 1808 secet
984 1779 1116 1808 mare.

225 1822 467 1867 luctantem
495 1823 651 1868 Icariis
679 1824 896 1868 fluetibus
923 1824 1135 1868 Africum
1396 1839 1431 1866 ιο

226 1888 441 1927 mercator
461 1889 658 1928 metuens
682 1883 823 1928 otium
845 1890 888 1928 et
911 1883 1066 1941 oppidi

66 1987 441 2084 Βδῑφηνωτίταὶὑω·
464 1999 510 2024 ex
535 1988 676 2027 ABE
793 1988 844 2037 (ᾧ
873 1990 1081 2025 restituitur
1111 1999 1156 2025 ex
1186 1989 1281 2025 ΕΦ
1307 1989 1427 2033 (Φιι

163 2129 311 2168 ΟΔΒΜ.
338 2131 378 2180 1,
399 2132 437 2180 1,
457 2131 482 2168 2
506 2137 549 2169 ut
573 2134 690 2170 simile
713 2135 839 2179 adfert
862 2133 959 2171 Serv.
978 2145 1095 2182 qeorq.
1116 2136 1153 2177 2,
1169 2136 1218 2169 40
1290 2132 1315 2169 8
1340 2134 1429 2168 sunt

67 2178 240 2216 —invat
258 2180 302 2216 ob
320 2191 396 2217 rem
414 2181 550 2227 alleyat
561 2181 668 2218 schol.
682 2182 774 2219 Stat.
795 2182 904 2218 Theb.
925 2185 959 2226 4,
971 2185 1049 2219 262
1115 2180 1140 2216 4
1160 2183 1320 2217 meta—
1333 2180 1428 2217 rotis

67 2227 112 2265 ob
136 2226 292 2264 fervidis
315 2228 426 2278 affert
449 2229 547 2265 Serv.
569 2230 827 2274 Aen.11‚195
925 2229 989 2265 13.
1012 2228 1062 2265 14
1094 2230 1138 2266 ob
1163 2228 1302 2275 Cypria
1326 2228 1427 2266 Don-

72 2275 149 2312 Tor.
170 2275 244 2312 Aa.
263 2279 301 2321 2,
312 2278 351 2321 2,
362 2278 414 2314 22
433 2278 541 2323 (230)
641 2277 843 2314 demoueas
873 2278 923 2325 Q>
1002 2305 1013 2322 ,
1043 2289 1132 2314 nam
1162 2278 1216 2313 sic
1218 2242 1339 2322 pBR,
1372 2276 1427 2312 di—

67 2331 221 2360 moueu
246 2327 323 2361 cett.
345 2325 522 2371 (Bland.)
550 2325 685 2381 (Dora.)
790 2323 841 2361 14
866 2327 910 2362 ob
975 2328 1126 2372 yrtoum
1150 2325 1297 2362 adhibet
1320 2325 1428 2362 schol.

67 2370 161 2410 Stat.
186 2371 291 2409 Theb.
313 2375 348 2417 6,
359 2374 431 2410 261
532 2373 581 2409 15
606 2373 741 2409 icareis
769 2375 800 2408 Φ
