1586 2514
370 565 1107 634 EPISTVLARVM

518 686 714 730 LIBER
745 685 960 729 ALTER

725 794 762 837 Ι.

61 881 175 923 Uum
207 885 274 923 tot
304 879 520 923 sustineas
551 884 594 922 et
625 884 750 922 tanta
781 878 959 935 negotia
992 878 1122 930 solus,

60 953 127 982 res
156 938 294 983 Italas
319 939 456 982 armis
483 938 654 990 tuteris,
684 938 879 981 moribus
908 953 1045 990 ornes,

60 997 233 1055 legibus
260 998 484 1042 emendes:
518 998 567 1042 in
592 997 770 1055 publica
797 997 1024 1041 commoda
1050 1012 1234 1054 peccem,

58 1057 98 1101 si
123 1057 257 1116 longo
282 1073 478 1102 sermone
502 1073 644 1102 morer
669 1063 746 1101 tua
772 1063 982 1114 tempora,
1011 1057 1183 1100 Caesar.

62 1117 280 1162 Romulus
300 1123 346 1162 et
369 1117 504 1162 Liber
526 1123 650 1175 pater
673 1123 716 1161 et
739 1133 838 1161 cum
863 1117 1042 1160 Castore
1067 1116 1244 1169 Pollux,
1406 1132 1423 1159 5

62 1183 160 1234 post
182 1177 384 1235 ingentia
407 1177 527 1221 facta
549 1177 730 1221 deorum
752 1177 800 1220 in
823 1177 988 1234 templa
1012 1176 1188 1233 recepti,

61 1236 168 1280 dum
198 1242 336 1281 terras
366 1237 680 1294 hominumque
710 1237 860 1280 colunt
889 1251 1040 1293 genus,
1073 1251 1224 1293 aspera
1258 1235 1370 1279 bella

62 1303 328 1354 conponunt,
355 1311 483 1355 agros
508 1296 759 1354 adsignant,
789 1296 951 1354 oppida
978 1296 1185 1349 condunt,

62 1357 286 1418 ploravere
315 1356 407 1402 suis
438 1371 526 1405 non
556 1356 813 1414 respondere
845 1357 1043 1400 favorem

61 1420 286 1473 speratum
313 1416 496 1460 meritis.
534 1416 678 1460 diram
705 1416 782 1473 qui
811 1415 1013 1460 contudit
1041 1416 1227 1472 hydram
1392 1432 1426 1458 ιο

64 1482 253 1534 notaque
283 1475 416 1520 fatali
446 1482 649 1534 portenta
679 1476 826 1520 labore
854 1475 1045 1533 subegit,

63 1536 287 1593 comperit
307 1535 522 1580 invidiam
551 1551 755 1594 supremo
787 1535 883 1579 fine
913 1535 1097 1579 domari.

65 1595 157 1639 urit
181 1596 301 1639 enim
327 1595 503 1653 fulgore
526 1611 606 1639 suo
631 1597 708 1653 qui
734 1602 995 1653 praegravat
1021 1602 1135 1639 artes

64 1655 188 1701 infra.
218 1671 262 1699 se
294 1655 483 1712 positas:
522 1656 762 1699 exstinctus
794 1655 1016 1699 amabitur
1047 1656 1178 1699 idem.

63 1715 283 1772 praesenti
311 1714 398 1758 tibi
424 1721 618 1759 maturos
646 1715 861 1772 largimur
889 1715 1071 1759 honores
1395 1732 1427 1758 ιε

64 1774 359 1832 iurandasque
388 1780 511 1819 tuom
540 1790 617 1832 per
647 1791 809 1819 numen
838 1775 1043 1832 ponimus
1073 1791 1183 1827 araS,

65 1834 132 1878 nil
154 1834 376 1879 oriturum
401 1834 524 1887 alias,
551 1834 617 1878 nil
643 1841 789 1879 ortum
814 1834 902 1879 tale
930 1835 1133 1879 fatentes.

153 1939 323 1987 &aa
414 1938 596 1988 &aas
621 1942 679 1984 (=
705 1940 854 1986 men)

155 2034 305 2071 EPIST.
332 2034 372 2082 2,
394 2035 433 2082 1,
454 2033 553 2071 1-4
578 2036 622 2072 ob
646 2047 721 2072 rem
747 2035 856 2080 affert
880 2035 978 2073 Suet.
998 2037 1060 2073 vit.
1082 2036 1225 2073 Horati
1296 2035 1320 2071 5
1347 2046 1428 2072 eum

61 2083 225 2120 lemmate
260 2082 413 2119 Castore
449 2083 614 2129 exempla
646 2084 761 2120 Vatic.
788 2086 849 2119 68.
874 2085 969 2127 229,
1003 2095 1086 2120 cum
1119 2085 1284 2121 lemmate
1317 2083 1429 2119 Liber

59 2131 170 2176 potor
205 2132 336 2168 Micon
359 2133 435 2168 230
556 2130 608 2167 10
641 2132 684 2168 ob
719 2131 892 2168 contudit
925 2133 1042 2169 Prisc.
1070 2134 1112 2176 9,
1139 2135 1187 2168 16
1215 2143 1255 2178 p.
1281 2134 1372 2177 460,
1391 2134 1429 2176 8,

61 2178 236 2214 contudit
271 2179 432 2226 (affundit
456 2179 506 2226 R)
539 2179 588 2227 Θ
610 2179 662 2228 Θ
686 2180 822 2223 Prisc„
857 2180 1021 2216 contulit
1045 2180 1104 2217 El
1244 2180 1291 2216 11
1328 2179 1429 2215 Nota.

60 2225 110 2274 Θ
131 2225 184 2275 Θ
207 2227 364 2273 Por-ph„
397 2227 494 2263 Tota
520 2228 588 2268 Ες
687 2227 737 2263 18
763 2228 899 2272 Porph.
920 2231 1040 2274 potest
1071 2229 1195 2275 leyisse
1226 2229 1307 2264 arte
1339 2227 1361 2263 i.
1391 2239 1429 2263 se

61 2274 205 2320 positos
276 2275 343 2313 15.
365 2274 415 2311 16
440 2276 484 2312 ob
507 2287 582 2312 rem
601 2275 696 2313 Serv.
719 2277 796 2312 buc.
818 2279 851 2320 1,
865 2279 888 2311 7
911 2287 1030 2324 yeory.
1051 2279 1085 2321 1,
1097 2279 1147 2314 24
1215 2276 1264 2312 1⁶
1290 2287 1429 2312 numen

60 2321 111 2369 Θ
126 2320 179 2370 Θ
203 2322 364 2368 Beana„
388 2333 526 2360 nomen
551 2326 616 2360 αΦ
641 2325 810 2369 (variant
832 2325 944 2360 etiam
969 2324 1072 2361 Servi
1095 2324 1216 2369 codd.)
1310 2323 1357 2360 17
1386 2325 1429 2360 ob

63 2371 187 2406 ortum
212 2374 247 2406 et
270 2370 455 2407 oriturum
479 2372 599 2408 Prisc.
621 2375 678 2416 10,
697 2375 721 2408 9
739 2383 778 2418 p.
801 2374 886 2415 502,
907 2376 938 2407 1.
967 2376 1024 2415 11,
1044 2374 1092 2407 18
1114 2383 1153 2417 p.
1173 2375 1257 2415 559,
1278 2375 1325 2407 10

136 2435 318 2471 nonu-xus,
337 2438 384 2464 ed.
404 2438 582 2465 Vonmer.
623 2437 677 2464 Ed.
698 2438 738 2463 11.
760 2438 865 2464 maior.
882 2438 983 2473 [1480]
1169 2435 1210 2466 19
