1586 2514
589 71 731 109 snitu.
756 71 774 108 1
797 75 832 109 s.
852 75 886 109 9.
1297 64 1299 66 ’
1329 71 1412 115 201

61 187 115 216 ne
137 171 255 216 foret
277 171 346 216 his
370 171 508 224 testis,
533 177 632 229 post
655 187 817 229 magna
839 171 974 215 labere
997 171 1207 228 sepulcra.

61 231 249 276 mentior
277 237 326 276 at
355 231 518 290 siquid,
550 231 713 276 merdis
743 237 876 289 caput
905 231 1111 289 inquiner
1142 231 1255 275 albis

61 306 287 335 corvorum
310 297 442 348 atque
466 291 518 336 in
539 307 609 335 me
632 293 781 336 veniat
804 292 988 335 mictum
1012 298 1142 348 atque
1165 296 1362 335 cacatum

62 350 206 396 Iulius
237 356 282 395 et
314 350 495 409 fragilis
526 350 735 395 Pediatia
764 352 926 408 surque
958 351 1169 395 Voranus.

58 410 236 468 singula
261 410 371 468 quid
399 426 648 463 memorem,
675 426 762 468 quo
788 417 915 468 pacto
942 410 1111 455 alterna
1137 410 1361 468 loquentes
1381 427 1417 454 ιο

60 470 239 514 umbrae
260 485 360 514 cum
384 469 559 528 Sagana
581 471 826 514 resonarint
847 471 973 516 triste
995 477 1038 514 et
1059 477 1236 515 acutum

61 535 195 587 utque
223 529 320 587 lupi
352 529 533 574 barbam
560 531 708 574 variae
737 546 836 574 cum
866 530 996 575 dente
1025 530 1228 574 colubrae

60 589 314 634 abdiderint
332 589 495 634 furtim
515 590 644 634 terris
663 596 707 634 et
726 589 921 648 imagine
941 606 1062 634 cerea

60 649 228 708 largior
254 650 411 694 arserit
439 650 559 708 ignis
586 657 632 694 et
659 656 710 694 ut
737 666 825 695 non
853 650 978 694 testis
1005 650 1175 695 inultus

61 709 305 755 horruerim
326 725 449 755 voces
472 710 714 755 Furiarum
736 716 780 754 et
802 711 923 755 facta
945 711 1145 755 duarum.
1384 727 1418 753 45

61 785 176 822 nam,
207 769 401 827 displosa
431 776 557 815 sonat
584 777 801 828 quantum
831 771 985 823 vesica,
1018 771 1175 828 pepedi

60 829 243 874 diffissa
271 835 373 874 nate
402 829 542 883 ficus3
576 836 625 874 at
650 830 755 874 illae
782 846 952 874 currere
980 831 1028 874 in
1054 830 1229 874 Vrbem.

61 888 276 934 Canidiae
305 889 464 942 dentis,
497 889 639 934 altum
671 889 871 947 Saganae
902 890 1174 935 caliendrum

60 948 258 993 excidere
288 955 419 1006 atque
452 949 605 993 herbas
635 955 767 1007 atque
797 950 1023 994 incantata
1055 950 1227 994 lacertis

60 1008 235 1053 vincula
258 1025 356 1053 cum
382 1025 542 1067 magno
564 1009 741 1067 risuque
764 1010 942 1067 iocoque
964 1010 1144 1054 videres.
1382 1027 1420 1054 50

656 1164 816 1209 VIIII.

64 1236 190 1280 Ibam
215 1236 333 1280 forte
359 1235 434 1281 via
453 1251 591 1289 sacra,
619 1236 734 1280 sicut
759 1253 880 1281 meus
905 1243 970 1281 est
995 1253 1100 1290 mos,

63 1296 206 1340 nescio
233 1295 343 1353 quid
373 1296 590 1340 meditans
618 1312 852 1354 nugarum,
884 1303 1002 1341 totus
1030 1297 1079 1341 in
1108 1297 1224 1341 illis:

61 1356 251 1400 accurrit
279 1355 461 1414 quidam
494 1363 623 1401 notus
653 1356 765 1400 mihi
795 1357 972 1401 nomine
1003 1363 1178 1402 tantum

60 1421 321 1473 arreptaque
349 1432 483 1460 manu
514 1415 636 1474 ‘quid
665 1417 776 1474 agis,
807 1417 1059 1461 dulcissime
1089 1433 1234 1462 rerum
1250 1418 1283 1460 ?’

62 1475 336 1531 ‘suavitermt
349 1490 465 1520 nunc
478 1476 569 1531 est‚'
583 1479 771 1533 inquam,
792 1476 850 1520 ἐἰς
869 1480 995 1534 cupio
1010 1480 1154 1520 omnia
1167 1492 1274 1534 quae
1286 1478 1379 1522 vis.'
1407 1495 1423 1522 ο

62 1551 161 1580 cum
183 1535 491 1589 adsectaretur,
517 1536 747 1594 ‘numquid
769 1537 836 1581 vis
852 1537 885 1579 ?’
909 1553 1083 1595 occupo.
1116 1544 1163 1582 at
1185 1538 1260 1582 ille

63 1595 196 1640 ‘noris
213 1595 306 1640 nos’
322 1595 496 1654 inquit3
523 1595 654 1640 ‘docti
670 1597 852 1641 sumus?
870 1597 942 1642 hic
959 1613 1040 1655 ego
1058 1597 1212 1656 ‘pluris

63 1655 156 1701 hoo’
187 1656 371 1714 inquam
404 1655 528 1701 ‘mihi
561 1656 676 1701 eris.'
718 1657 874 1702 misere
905 1657 1124 1702 discedere
1155 1675 1365 1716 quaerens

62 1716 128 1760 ire
155 1715 284 1760 modo
315 1716 449 1770 ocius,
478 1717 702 1761 interdum
730 1718 976 1770 consistere,
1007 1718 1055 1762 in
1083 1734 1233 1763 aurem

63 1775 207 1820 dicere
233 1775 378 1820 nescio
404 1776 514 1834 quid
541 1792 689 1834 puer0‚
717 1793 817 1821 cum
844 1778 976 1822 sudor
1002 1778 1058 1822 ad
1085 1778 1198 1823 imos
1387 1796 1421 1822 ιο

156 1880 431 1930 &mmm
525 1880 709 1930 &13:34⁵

157 1963 226 2002 87.
246 1963 298 2001 88
323 1966 367 2002 ob
385 1964 542 2002 mictum
559 1966 675 2003 Prisc.
695 1969 754 2010 10,
768 1970 788 2003 1
803 1978 844 2013 p.
859 1970 1005 2011 495,10
1071 1966 1123 2004 88
1147 1966 1278 2003 ueniat
1362 1968 1424 2017 Θ,

62 2011 220 2049 ueniant
243 2013 398 2059 (Pb-isc.)
425 2025 447 2054 ς
554 2013 606 2050 89
630 2014 675 2051 ob
699 2013 760 2050 fur
784 2016 901 2052 Prisc.
923 2018 958 2060 5,
976 2018 1027 2052 20
1052 2026 1093 2061 p.
1115 2018 1196 2060 166,
1216 2018 1239 2052 5
1323 2015 1424 2052 nlius

62 2061 112 2117 (ᾖ
127 2060 180 2110 (ξι)
204 2062 371 2107 (nm),
395 2060 503 2098 vlius
535 2062 788 2106 Wilamowitz,
815 2062 954 2100 Villius
980 2064 1097 2100 Hertz
1194 2062 1242 2100 41
1272 2075 1425 2101 resona-

62 2110 142 2146 nnt
164 2121 205 2152 ς,
229 2111 450 2147 resonarent
473 2111 543 2155 (-et
567 2110 626 2157 K)
650 2111 700 2158 (D
715 2110 768 2160 (τῇ
848 2109 900 2148 46
925 2112 969 2148 ob
994 2111 1132 2158 pepedi
1158 2113 1275 2149 Prisc.
1298 2116 1356 2157 10,
1375 2115 1425 2149 23

58 2168 100 2204 p.
119 2159 205 2203 515,
224 2160 248 2194 7
272 2158 433 2205 Eiaeyoh.
455 2169 608 2206 yramm.
636 2159 671 2195 V
685 2161 769 2204 471,
790 2162 835 2195 14
955 2158 1008 2197 48
1039 2159 1272 2196 caliendrum
1297 2161 1346 2209 ᾧ
1362 2161 1425 2210 (ᾧ,

65 2204 300 2243 caliandrum
325 2206 407 2243 ΚΦ
430 2210 464 2246 ct
487 2206 590 2244 codd.
612 2207 780 2253 ‘Povph’

159 2253 202 2302 ⁹,
221 2253 243 2290 1
272 2275 316 2281 —
340 2265 432 2290 nu
474 2271 518 2286 ···
558 2255 602 2292 ob
633 2266 819 2302 nugarum
842 2257 951 2293 schol.
974 2257 1102 2294 Veron.
1124 2257 1227 2304 Verq.
1248 2258 1325 2294 buc.
1348 2260 1384 2302 6,
1403 2261 1423 2293 1

65 2299 90 2337 8
115 2301 287 2339 Accurrit
309 2302 359 2350 Θ
380 2307 422 2345 ᾧ
451 2303 638 2348 (Rhana),
664 2302 835 2340 Occurrit
861 2316 883 2344 ς
964 2303 988 2340 (3
1013 2315 1101 2341 om.
1123 2306 1167 2341 Ε
1237 2305 1289 2342 10
1313 2304 1427 2341 sudor

66 2369 111 2376 —
130 2348 230 2387 talos
253 2351 297 2388 ob
321 2361 397 2389 rem
420 2351 527 2391 schol.
548 2352 630 2390 Iuv.
651 2355 711 2396 10,
732 2355 804 2388 178
