1586 2514
570 92 715 130 CARM.
741 91 811 127 1111
829 96 863 128 8.
883 97 915 128 9.
1331 91 1416 135 129

215 198 415 250 ereptum
443 191 617 248 Stygiis
644 189 860 234 fluctibus
887 190 1085 234 Aeacum
1379 206 1415 233 25

213 251 356 296 virtus
381 258 425 296 et
450 251 577 296 favor
601 257 643 294 et
669 250 824 306 lingua
850 251 1098 306 potentium

214 318 367 356 vatum
390 310 606 355 divitibus
630 315 850 354 consecrat
874 309 1044 353 insulis.

217 371 406 429 dignum
438 370 567 415 laude
597 370 743 413 virum
777 368 918 412 Musa'
942 371 1061 413 vetat
1094 370 1221 422 mori,

216 431 335 475 caelo
362 430 496 475 Musa
524 429 635 473 beat.
674 428 735 472 sic
766 427 884 471 Iovis
912 429 1094 473 interest

216 490 381 548 optatis
412 489 554 548 epulis
586 488 762 545 inpiger
795 487 1020 540 Hercules,
1380 504 1417 532 30

217 550 384 594 clarum
411 548 692 606 Tyndaridae
716 546 840 591 sidus
866 547 922 591 ab
950 548 1126 593 infimis

217 625 396 667 quassas
423 608 620 666 eripiunt
646 607 910 664 aequoribus
938 614 1066 660 rates,

219 675 399 714 ornatus
429 668 563 712 viridi
596 674 793 724 tempora
825 667 1034 724 pampino

221 729 357 773 Liber
387 735 488 772 vota
520 728 652 771 bonos
684 726 808 770 ducit
840 727 896 770 ad
929 727 1086 771 exitus.

654 905 815 948 VIIII.

222 992 291 1035 Ne
312 992 429 1035 forte
449 989 594 1034 credas
616 989 853 1033 interitura
874 1005 984 1047 quae

220 1051 350 1108 longe
375 1055 601 1094 sonantem
628 1054 759 1092 natus
786 1049 842 1092 ad
871 1050 1099 1094 Aufidum

275 1125 362 1154 non
385 1115 486 1153 ante
510 1108 707 1164 volgatas
732 1123 810 1165 per
834 1110 944 1153 artis

326 1168 456 1212 verba
482 1168 636 1225 loquor
660 1168 867 1212 socianda
895 1169 1092 1213 chordis:

222 1280 323 1316 non,
349 1264 387 1308 si
413 1263 578 1321 priores
603 1263 837 1307 Maeonius
864 1271 982 1308 tenet
1403 1281 1421 1308 5

220 1325 342 1368 sedes
369 1323 600 1374 Homerus,
630 1322 892 1366 Pindaricae
919 1324 1059 1367 latent

277 1384 474 1440 Ceaeque
494 1388 538 1425 et
560 1381 715 1424 Alcaei
739 1383 929 1427 minaces

330 1441 619 1486 Stesichorive
648 1457 801 1498 graves
833 1443 1049 1487 Camenae

223 1554 300 1583 nec
325 1538 472 1595 siquid
499 1537 605 1581 olim
630 1536 739 1580 lusit
765 1538 997 1582 Anacreon

222 1598 384 1642 delevit
413 1604 554 1649 aetas3
593 1597 733 1653 spirat
763 1597 905 1641 adhuc
936 1614 1059 1642 amor
1388 1615 1422 1642 10

276 1658 511 1713 vivontque
533 1656 738 1699 conmissi
763 1657 924 1701 calores

330 1717 512 1760 Aeoliae
538 1715 709 1759 fidibus
735 1717 918 1773 puellae.

223 1827 311 1857 non
337 1812 428 1856 sola
457 1816 651 1867 comptos
679 1812 788 1855 arsit
817 1813 1007 1856 adulteri

222 1871 357 1916 crinis
378 1878 421 1915 et
443 1886 598 1914 aurum
620 1871 813 1916 vestibus
835 1872 1002 1916 illitum

277 1931 436 1975 mirata
463 1929 707 1986 regalisque
735 1931 879 1976 cultus
1389 1949 1421 1974 ιε»

327 1996 371 2034 et
392 1989 571 2034 comites
595 1989 762 2034 Helene
787 1991 985 2035 Lacaena

157 2083 334 2129 &AB
429 2082 612 2131 Qyzno

158 2164 211 2203 25
235 2167 419 2212 (unacum
443 2166 492 2213 (D
513 2164 580 2213 Θ,
607 2175 768 2211 aequum
797 2169 828 2203 Φ
942 2165 994 2202 34
1020 2167 1126 2204 ducit
1148 2168 1215 2216 Θ,
1242 2168 1350 2203 duxit
1373 2168 1422 2214 (D

158 2212 199 2254 9,
216 2213 241 2250 2
259 2215 368 2252 schol.
382 2214 473 2251 Luc.
489 2217 524 2255 2,
538 2216 610 2249 406
629 2214 805 2250 Aufidum
831 2215 943 2261 longe
968 2226 1102 2252 sonare
1128 2216 1223 2252 dicit
1241 2215 1420 2251 Horatius

63 2258 87 2295 4
125 2259 259 2306 loquor
293 2263 342 2310 Θ
377 2263 466 2306 λῑδ,
508 2261 641 2306 loquar
675 2261 727 2310 Θ
764 2263 962 2306 (Victorin.
994 2274 1144 2309 yramm.
1179 2265 1239 2299 VI
1267 2266 1354 2305 181,
1380 2266 1419 2305 4)

63 2307 88 2343 8
112 2319 162 2344 ue
183 2309 249 2357 Θ,
284 2321 358 2356 que
381 2310 433 2359 Θ
540 2308 565 2345 9
596 2309 639 2346 ob
670 2308 799 2346 ludere
830 2312 993 2354 afferunt
1018 2311 1124 2347 Schol
1163 2311 1288 2347 Veron.
1317 2312 1419 2358 Very.

63 2356 142 2392 buc.
163 2359 199 2399 6,
219 2361 239 2393 1
263 2368 300 2403 p.
320 2360 395 2394 397
422 2357 681 2404 Thilo-Haqen
706 2358 819 2403 (sicut
843 2358 946 2402 olim)

135 2422 315 2457 nouum,
332 2424 379 2451 od.
399 2424 522 2451 Vollm
532 2431 578 2450 er.
617 2422 671 2449 Ed.
692 2423 731 2450 11.
752 2424 856 2451 maior.
871 2425 970 2459 [1436]
1184 2421 1204 2453 9
