1586 2514
504 77 570 114 DE
595 77 726 114 ARTE
751 75 967 113 POETIOA.
1326 73 1411 116 317

52 194 183 224 ausus
212 178 357 222 idem:
395 182 571 222 tantum
602 177 735 220 series
766 176 1054 231 iuncturaque
1087 173 1237 231 pollet,

53 245 229 283 tantum
254 238 309 282 de
336 237 482 282 medio
509 237 699 294 sumptis
727 235 895 280 accedit
922 234 1111 278 honoris.

51 299 177 343 silvis
207 297 386 342 deducti
417 302 598 342 caveant
630 312 699 340 me
731 295 876 340 iudice
906 293 1071 350 Fauni,

54 374 108 403 ne
133 358 255 402 velut
279 357 426 402 innati
454 356 600 401 triviis
628 372 677 400 ac
705 371 840 413 paene
867 355 1063 398 forenses
1353 368 1406 394 245

53 424 132 463 aut
153 418 343 462 nimium
367 417 527 461 teneris
550 417 809 460 iuvenentur
831 414 1027 459 versibus
1050 429 1257 470 umquam

53 484 132 522 aut
160 477 376 521 inmunda
406 482 584 534 crepent
612 475 994 533 ignominiosaque
1025 473 1158 517 dicta.

55 537 352 582 offenduntur
378 536 511 589 enim,
537 535 698 593 quibus
725 541 789 579 est
817 550 947 592 equos
975 539 1018 577 et
1044 539 1168 590 pater
1195 539 1238 576 et
1265 548 1330 576 res

56 613 147 651 nec,
172 596 323 654 siquid
351 595 478 640 fricti
504 595 656 640 ciceris
684 595 842 653 probat
868 600 912 638 et
941 594 1063 638 nucis
1091 599 1274 650 emptor,

54 657 206 715 aequis
232 657 459 714 accipiunt
483 655 644 700 animis
672 656 889 699 donantve
916 669 1088 698 corona.
1355 668 1410 694 ‘250

52 716 226 775 syllaba.
250 716 384 774 longa
409 715 531 760 brevi
557 715 752 760 subiecta
779 721 959 759 vocatur
985 714 1172 766 iambus,

56 793 133 836 pes
150 777 288 821 citus:
316 776 431 826 unde
447 776 584 820 etiam
603 775 816 820 trimetris
833 790 1069 819 accrescere
1087 773 1217 817 iussit

56 852 214 883 nomen
235 836 434 889 iambeis,
458 851 557 880 cum
579 851 702 880 senos
725 835 924 879 redderet
946 835 1061 879 ictus

56 897 226 956 primus
251 897 307 942 ad
334 902 578 941 extremum
602 896 765 940 similis
792 895 903 939 sibi:
938 910 1026 939 non
1052 895 1117 938 ita
1144 893 1330 952 pridem,

57 957 226 1002 tardior
255 963 306 1002 ut
333 956 484 1015 paullo
511 956 773 1015 graviorque
802 957 971 1000 veniret
1000 955 1055 1000 ad
1086 955 1218 1006 auris,
1357 969 1410 995 aas

55 1018 269 1076 spondeos
291 1017 465 1061 stabilis
488 1017 537 1060 in
559 1016 659 1060 iura
683 1022 866 1074 paterna
890 1015 1054 1073 recepit

58 1077 308 1122 commodus
334 1082 379 1121 et
404 1077 590 1134 patiens,
618 1091 705 1120 non
733 1082 783 1120 ut
809 1076 863 1119 de
889 1075 987 1120 sede
1013 1075 1201 1119 secunda

57 1138 228 1182 cederet
253 1143 333 1181 aut
358 1142 516 1194 quarta
541 1135 775 1181 socialiter.
816 1135 886 1180 hic
914 1142 958 1180 et
984 1135 1035 1179 in
1062 1134 1171 1178 Acci

59 1197 282 1242 nobilibus
308 1197 521 1241 trimetris
547 1197 729 1254 adparet
755 1212 879 1240 rarus
907 1202 950 1240 et
979 1195 1098 1240 Enni

59 1258 108 1302 in
131 1273 331 1302 scaenam
361 1257 514 1301 missos
542 1272 645 1301 cum
670 1272 830 1314 magno
859 1256 1049 1313 pondere
1077 1271 1223 1299 versus
1358 1269 1414 1296 260

57 1324 137 1363 aut
164 1333 322 1376 operae
353 1317 503 1361 celeris
534 1317 725 1361 nimium
757 1332 945 1374 curaque
975 1316 1164 1360 carentis

58 1385 137 1423 aut
163 1378 393 1436 ignoratae
420 1377 582 1435 premit
608 1377 717 1421 artis
746 1377 929 1421 crimine
958 1377 1093 1434 turpi.

61 1454 147 1482 non
168 1438 315 1496 quivis
337 1437 459 1482 videt
479 1437 754 1482 inmodulata
778 1443 979 1494 poemata
1002 1437 1135 1480 iudex

59 1505 104 1542 et
130 1498 235 1542 data
263 1497 476 1542 Romanis
502 1497 630 1542 venia
659 1503 723 1541 est
751 1497 938 1554 indigna
965 1497 1119 1554 poetis.

61 1558 281 1602 idcircone
307 1572 441 1615 vager
466 1557 739 1614 scribamque
769 1557 984 1601 licenter?
1022 1573 1079 1600 an
1110 1556 1251 1600 omnis
1361 1570 1413 1598 265

61 1619 229 1662 visuros
256 1624 433 1676 peccata
460 1623 611 1675 putem
640 1633 750 1670 mea,
782 1623 903 1661 tutus
932 1623 975 1661 et
1003 1618 1122 1661 intra

59 1694 182 1736 spem
206 1678 359 1722 veniae
385 1678 573 1722 cautus?
609 1678 746 1721 vitavi
773 1678 962 1734 denique
990 1677 1178 1734 culpam,

63 1753 149 1783 non
174 1738 348 1782 laudem
375 1737 530 1781 merui.
567 1752 640 1781 vos
666 1737 934 1794 exemplaria
961 1737 1129 1781 Graeca

63 1805 276 1842 nocturna
299 1803 466 1842 versate
491 1813 637 1850 manu,
665 1804 830 1842 versate
857 1797 1028 1841 diurna.

157 1915 419 1964 (ijzchx
514 1915 696 1964 (ᾧπΒΦ

159 2023 237 2061 249
262 2024 364 2060 fricti
390 2023 471 2072 affl)
495 2024 685 2070 (Elam),
711 2023 833 2059 stricti
855 2024 894 2068 (J,
920 2024 1031 2060 fracti
1051 2024 1138 2060 ΒΚ
1145 2025 1203 2059 dn
1277 2022 1355 2059 250
1381 2033 1428 2058 ue

66 2074 184 2118 (omis.
205 2073 257 2118 B)
282 2072 332 2120 G)
347 2071 409 2121 (ᾦ.
434 2083 508 2118 que
531 2084 589 2113 πς
662 2071 736 2108 251
762 2094 802 2098 -
819 2072 916 2107 citus
942 2072 985 2108 ob
1011 2083 1086 2108 rem
1110 2071 1256 2109 sacerd.
1274 2083 1427 2118 yramm.

72 2121 132 2158 VI
151 2123 242 2166 518,
262 2123 308 2157 15
460 2119 537 2156 258
567 2119 712 2156 Nomen
743 2121 793 2168 (D
900 2121 1056 2166 Porph,
1090 2120 1240 2156 Momen
1271 2119 1429 2155 Ribbeck

63 2167 143 2206 254
177 2179 252 2205 non
278 2189 324 2195 —
349 2167 427 2205 258
460 2169 603 2214 recepit
636 2169 679 2205 ob
712 2180 787 2206 rem
849 2168 967 2205 acerd.
990 2180 1141 2216 qramm.
1170 2168 1230 2204 VI
1250 2170 1340 2211 518,
1360 2170 1430 2211 18,-

63 2217 111 2263 εἰ.
133 2219 218 2262 526,
231 2219 279 2254 30
298 2221 332 2254 et
351 2217 550 2259 Fortunat.
568 2228 720 2263 yramm.
740 2217 800 2253 VI
808 2219 899 2262 286,
913 2220 960 2254 19
1040 2215 1118 2252 256
1136 2217 1296 2263 paterna
1314 2216 1363 2263 Q)
1379 2215 1431 2264 Θ

67 2265 262 2312 (δῦσα-(1.),
285 2264 432 2302 alterna
457 2265 507 2302 K.
521 2265 588 2302 Fr.
603 2265 800 2302 Hermann
872 2265 946 2302 257
975 2277 1051 2301 non
1070 2286 1114 2292 —
1134 2263 1213 2300 258
1239 2263 1430 2300 socialiter

65 2314 110 2351 ob
141 2325 218 2352 rem
242 2314 387 2351 Sacer-d.
413 2324 565 2361 gramm.
593 2314 653 2350 VI
667 2315 755 2357 519,
778 2318 807 2349 1.
835 2317 858 2350 6
1002 2312 1075 2349 261
1110 2312 1242 2349 celeris
1273 2311 1428 2347 nimium

64 2361 198 2411 ᾧῷ),
223 2361 381 2397 nimium
407 2361 538 2398 celeris
564 2373 586 2396 α
