1586 2514
178 95 236 138 32
677 93 822 131 CARM.
848 94 866 130 I
890 98 946 131 20.
970 99 1026 131 21.

341 192 588 236 Caecubum
616 199 659 236 et
686 193 806 249 prelo
833 193 1046 237 domitam
1076 193 1237 237 Caleno

179 268 215 295 ιο
339 257 388 296 tu
419 252 540 296 bibes
571 267 724 296 uvam:
761 267 857 295 mea
888 267 965 296 nec
995 251 1208 296 Falernae

337 316 582 368 temperant
607 311 717 355 vites
745 326 882 368 neque
908 311 1138 355 Formiani

390 371 545 428 pocula
572 370 712 414 colles.

781 500 919 543 XXI.

340 583 532 627 Dianam
561 589 731 626 tenerae
760 583 892 626 dicite
919 583 1124 640 virgines,

335 645 555 685 intonsum
579 645 700 697 pueri
726 642 851 684 dicite
878 641 1110 697 Cynthium

391 702 691 758 Latonamque
717 717 919 759 supremo

442 761 648 805 dilectam
676 761 851 818 penitus
881 761 990 805 Iovi.

194 896 210 924 ⁶
335 895 410 923 vos
437 882 591 923 laetam
615 880 755 922 fluviis
782 883 824 922 et
847 895 1067 923 nemorum
1092 895 1212 923 coma

334 955 629 997 quaecumque
660 946 737 984 aut
766 940 913 997 gelido
942 940 1161 997 prominet
1191 940 1360 997 Algido

390 1002 526 1055 nigris
552 1002 626 1041 aut
650 999 904 1055 Erymanthi

443 1059 567 1103 silvis
594 1065 671 1103 aut
698 1060 854 1103 viridis
882 1059 1039 1116 Cragi3

334 1193 409 1222 vos
437 1178 600 1235 Tempe
626 1177 810 1222 totidem
837 1178 979 1221 tollite
1006 1177 1211 1222 laudibus

177 1252 211 1279 10
337 1237 625 1294 natalemque,
659 1253 811 1290 mares,
845 1237 988 1281 Delon
1018 1237 1244 1294 Apollinis

388 1297 692 1353 insignemque
719 1297 922 1354 pharetra

441 1357 722 1413 fraternaque
753 1372 950 1400 umerum
980 1357 1090 1412 lyra.

334 1475 437 1518 haec
460 1475 623 1518 bellum
646 1475 937 1527 lacrimosum,
962 1475 1031 1518 hic
1057 1475 1259 1519 miseram
1282 1475 1446 1519 famem

334 1540 583 1591 pestemque
607 1550 633 1578 a
658 1534 819 1591 populo
844 1540 887 1578 et
913 1534 1111 1591 principe
1137 1533 1319 1579 Caesare
1342 1534 1391 1578 in

176 1609 209 1635 15
388 1594 542 1637 Persas
573 1599 703 1650 atque
737 1593 973 1637 Britannos

439 1659 580 1697 vestra
612 1659 755 1697 motus
786 1659 887 1710 aget
917 1668 1052 1709 prece.

268 1816 550 1863 &2ABDE
642 1816 823 1864 (spaza)

268 1922 390 1959 9--11
424 1924 517 1960 vites
550 1924 593 1960 ob
624 1925 821 1960 transitum
846 1935 914 1970 per
943 1925 1108 1960 voculam
1138 1926 1219 1959 tum
1252 1924 1386 1969 Porph.
1415 1934 1517 1960 serm.

172 1973 348 2015 2,2,48,
384 1972 463 2007 9-
472 1971 519 2007 11
553 1982 663 2007 uvam
701 1972 744 2007 ob
774 1971 1279 2017 nvamprovinoServst
1337 1983 1370 2018 .
1408 1973 1520 2015 260

174 2018 225 2054 10
244 2017 300 2053 'ru
318 1998 366 2065 (i)
383 2018 444 2066 Θ,
470 2019 563 2054 Tum
585 2020 718 2064 Porph.
739 2019 789 2055 ad
806 2030 908 2055 serm.
922 2021 959 2063 2,
971 2022 1007 2063 2,
1020 2022 1068 2055 48
1126 2018 1232 2054 bibes
1175 1981 1508 2110 αὼὲνΘοφὴ
1367 2019 1508 2065 (Pmph

173 2065 300 2111 Serv)
325 2066 424 2101 bibis
447 2078 485 2111 ς·
517 2069 560 2101 tu
584 2067 705 2112 liques
731 2067 896 2114 maycr,
920 2068 962 2101 tu
987 2077 1111 2102 moves
1136 2066 1262 2103 Buche
1348 2067 1391 2101 tu
1415 2065 1518 2101 vides

175 2114 329 2157 Mwnro,
353 2115 396 2148 tu
421 2114 529 2149 dares
554 2115 642 2158 Leo,
665 2116 708 2150 tu
731 2114 838 2149 iubes
866 2115 1014 2158 Teuber,
1037 2125 1112 2149 non
1136 2113 1241 2149 bibes
1266 2113 1455 2150 Sdtwenck

269 2159 382 2208 21,1
410 2162 453 2197 ob
479 2161 594 2197 dicite
615 2173 684 2208 pro
709 2161 833 2197 canite
858 2161 955 2198 Serv.
975 2163 1052 2198 buc.
1074 2163 1108 2205 5,
1126 2164 1152 2197 2
1224 2161 1248 2196 5
1274 2171 1380 2196 coma
1398 2159 1518 2209 ΘΘ,

174 2219 319 2244 comam
344 2209 522 2245 BDEF
539 2210 679 2246 Bland.
704 2210 809 2246 schol.
835 2211 871 2245 Γ
964 2209 1015 2244 10
1046 2209 1088 2245 ob
1119 2208 1284 2244 natalem
1309 2208 1405 2245 Serv.
1426 2208 1517 2245 Aen.

174 2258 210 2301 9,
230 2258 299 2292 641
398 2256 447 2292 12
478 2258 521 2293 ob
545 2269 619 2293 rem
645 2258 740 2294 Serv.
762 2257 853 2293 Aen.
873 2259 914 2301 4,
931 2259 1006 2293 242
1110 2255 1159 2292 18
1189 2255 1292 2292 Haec
1323 2256 1519 2300 Danau-ez,

173 2304 344 2351 Bentley,
369 2304 440 2339 Hic
465 2304 574 2350 (Hinc
599 2306 649 2349 Β)
674 2305 723 2351 (D
739 2304 790 2352 Θ
813 2305 919 2341 schol.
947 2306 982 2339 Γ
1075 2302 1123 2339 14
1154 2303 1193 2339 in
1224 2314 1290 2339 om.
1317 2301 1519 2347 ADER1,

173 2353 294 2388 veo-sm·
316 2353 519 2398 insequenti
537 2353 715 2398 praefixit
742 2354 773 2387 Φ
