1586 2514
161 88 243 131 136
695 86 838 123 CARM.
864 87 930 123 1111
943 68 1006 124 μ’.

366 186 626 242 spectandus
654 185 702 228 in
732 186 966 229 certamine
996 186 1162 229 Martio

368 245 522 288 devota
551 244 682 287 morti
713 251 886 300 pectora
914 245 1075 287 liberae

421 304 598 359 quantis
622 303 834 359 fatigaret
857 303 1010 354 ruinis,
1040 314 1050 321 ·

157 377 194 405 20
477 362 713 405 indomitas
741 377 874 418 prope
902 363 1045 418 qualis
1074 363 1210 410 undas

371 463 538 500 exercet
563 457 727 499 Auster
754 457 983 500 Pleiadum
1010 458 1143 500 choro

369 515 591 559 scindente
618 515 761 567 nubis,
791 516 965 573 inpiger
994 516 1184 560 hostium

422 590 576 618 vexare
605 580 770 617 turmas
800 581 843 618 et
871 576 1130 618 frementem

478 634 651 677 mittere
674 649 829 690 equom
853 635 1016 677 medios
1040 649 1116 691 per
1138 634 1269 691 ignis.

159 744 195 771 ευ
373 730 434 772 sio
460 729 736 772 tauriformis
760 729 950 773 volvitur
976 729 1190 780 Aufidus,

372 787 449 844 qui
473 803 606 844 regna
630 787 780 831 Dauni
804 789 1017 845 praefluit
1040 789 1196 845 Apuli,

427 862 524 890 eum
552 847 688 890 saevit
717 847 1058 903 horrendamque
1087 848 1216 891 cultis

479 906 690 948 diluviem
710 906 948 950 meditatur
967 907 1098 962 agris,

375 1007 423 1043 ut
453 1000 733 1043 barbarorum
766 1001 976 1044 Claudius
1006 1001 1185 1057 agmina

162 1074 199 1101 30
377 1060 542 1103 ferrata
568 1065 690 1102 vasto
719 1060 859 1103 diruit
887 1060 1054 1116 impetu

428 1118 676 1174 primosque
704 1125 747 1161 et
776 1125 988 1162 extremos
1017 1119 1216 1161 metendo

479 1177 637 1220 stravit
659 1177 840 1220 humum
865 1178 957 1220 sine
981 1177 1100 1220 clade
1124 1178 1274 1228 vietor,

377 1278 418 1314 te
444 1271 602 1327 copias,
630 1277 672 1314 te
698 1272 928 1315 consilium
955 1278 997 1315 et
1023 1279 1119 1315 tuos

376 1330 608 1386 praebente
628 1330 763 1374 divos.
796 1346 897 1374 nam
920 1331 1003 1374 tibi
1026 1346 1111 1387 quo
1133 1331 1203 1374 die

163 1406 198 1433 ³5
426 1395 576 1445 portus
608 1389 886 1432 Alexandrea
917 1390 1099 1446 supplex

483 1455 526 1492 et
548 1464 727 1491 vacuam
752 1449 963 1505 patefecit
987 1449 1146 1500 aulam,

377 1543 575 1586 Fortuna
604 1543 742 1586 lustro
772 1558 975 1600 prospera
1005 1543 1135 1586 tertio

378 1603 481 1645 belli
500 1602 707 1645 secundos
728 1602 921 1645 reddidit
941 1603 1084 1646 exitus

431 1661 687 1717 laudemque
714 1667 757 1704 et
784 1668 982 1718 optatum
1010 1662 1194 1718 peractis

164 1736 200 1763 40
483 1721 680 1776 imperiis
710 1720 838 1763 decus
869 1721 1108 1776 adrogavit.

261 1824 393 1871 ΘΑ,
481 1823 660 1871 (ιῇιιεφ

264 1907 309 1942 17
346 1907 444 1941 intm
477 1906 636 1941 fulmina
669 1905 806 1941 Martia
831 1907 965 1942 Nauck
1086 1906 1134 1942 19
1169 1906 1238 1941 fati
1240 1883 1347 1952 garet

167 1954 350 2001 fatigarat
376 1955 415 1989 F
419 1955 442 1987 ὃ
538 1953 589 1989 20
613 1953 890 2000 IndomitasQ)
841 1954 979 2002 Q),QD
1003 1953 1210 1989 Indomitus
1236 1966 1256 1991 ς
1351 1905 1512 1990 Ξῳὶιοτ-

167 2002 396 2046 rendamque
429 2003 481 2046 (et
511 2000 700 2036 horridam
726 2002 776 2037 ad
800 2003 907 2047 Aen)
939 2001 1048 2037 cultis
1073 2022 1119 2028 —-
1144 2000 1245 2047 agris
1269 2001 1312 2037 ob
1336 2001 1512 2037 meditari

168 2050 276 2094 affert
301 2049 396 2085 Serv.
417 2050 508 2085 Aen.
530 2051 656 2092 4,171
681 2052 964 2095 ye0193‚153;
988 2049 1111 2085 eadem
1135 2050 1241 2085 verba
1266 2049 1309 2085 ob
1334 2047 1512 2084 diluviem

168 2097 234 2132 dat
258 2097 356 2133 Non.
381 2108 417 2142 p.
437 2099 510 2132 203
606 2095 656 2131 28
687 2076 893 2132 meditatur
915 2108 997 2132 eum
1025 2097 1145 2144 ylossa
1169 2096 1363 2132 minitatur
1384 2096 1514 2132 habuit

168 2145 401 2190 archetypus,
434 2144 617 2180 lectionem
650 2143 854 2180 meditatur
877 2144 1059 2190 vituperat
1084 2144 1242 2189 Porph.;
1264 2143 1420 2190 glossam
1443 2143 1512 2178 mi-

168 2192 313 2228 nitatur
345 2196 554 2236 receperunt
586 2192 622 2227 A
655 2195 744 2236 (non
773 2191 834 2238 (D)
862 2193 911 2235 Φ,
944 2203 1064 2228 veram
1096 2192 1277 2227 lectione-m
1310 2190 1516 2226 meditatur

168 2252 193 2276 a
219 2240 308 2282 R;,·
344 2239 440 2275 hanc
474 2240 528 2275 bis
558 2240 733 2284 expressis
755 2240 871 2275 verbis
904 2240 1011 2283 affert
1034 2239 1131 2275 Serv.
1138 2265 1149 2282 ‚
1182 2250 1263 2274 cum
1287 2239 1436 2274 Nonius
1469 2249 1515 2275 σε

168 2298 234 2324 suo
268 2287 428 2323 Horatio
461 2286 616 2332 glossam
650 2286 814 2321 minatur
847 2286 1074 2332 descripserit
1179 2285 1230 2321 32
1263 2284 1368 2320 humi
1394 2286 1514 2322 Aldus

169 2334 220 2370 35
245 2345 333 2370 nam
354 2355 396 2360 —-
418 2332 468 2369 86
494 2334 618 2368 aulam
643 2334 686 2370 ob
705 2333 942 2369 Alexandrea
965 2335 1073 2377 affert
1096 2333 1212 2370 Prisc.
1232 2335 1268 2376 2,
1286 2335 1335 2368 47
1358 2343 1393 2378 p.
1415 2335 1472 2376 73,
1490 2336 1514 2367 6
