1586 2514
581 83 724 121 sm.
749 84 784 121 11
808 88 842 120 2.
862 87 896 120 ε.
1338 81 1425 125 217

65 189 110 230 et
135 201 227 231 nux
256 185 442 233 ornabat
467 199 636 230 mensas
662 199 762 228 cum
789 182 965 240 duplice
992 182 1101 227 ficu.

11 249 22 264 ²⁴
65 250 164 303 post
192 244 272 290 hoc
302 245 434 290 ludus
461 251 557 290 erat
583 243 754 301 †oulpa
783 249 934 301 potare
963 242 1177 300 magistra

65 320 115 350 ao
142 310 346 350 venerata
377 305 520 357 Ceres,
549 305 615 349 ita
644 303 788 348 culmo
817 309 1015 360 surgeret
1043 303 1148 355 alto,

66 365 281 423 explicuit
305 365 410 410 vino
437 370 682 410 contractae
705 363 820 408 seria
846 362 1023 407 frontis.
1367 377 1422 407 12⁶

65 425 230 472 saeviat
257 431 390 483 atque
421 440 554 470 novos
581 430 753 468 moveat
781 423 982 467 Fortuna
1012 423 1254 467 tumultus:

65 487 274 554 quantum
291 485 392 528 hinc
410 484 650 528 inminuet?
682 485 843 539 quanto
863 485 938 525 aut
957 497 1037 539 ego
1054 485 1223 539 parcius
1243 484 1318 525 aut
1336 496 1426 537 vos,

65 559 92 589 0
118 545 260 602 pueri,
291 545 505 597 nituistis,
533 550 584 588 ut
610 543 693 588 huc
720 558 853 588 novos
879 543 1024 587 incola
1050 543 1206 587 venit?

66 620 169 649 nam
191 605 396 663 propriae
421 604 592 649 telluris
615 619 738 648 erum
761 610 919 647 natura
943 619 1019 647 nec
1044 602 1172 647 illum

67 680 144 709 nec
172 681 240 709 me
270 681 347 709 nec
375 680 638 733 quemquam
666 664 850 707 statuit:
886 679 965 707 nos
994 664 1167 732 expulit
1195 663 1285 716 ille,
1371 678 1424 706 130

66 724 196 770 illum
226 731 304 770 aut
336 724 554 782 nequities
582 730 660 768 aut
689 724 807 768 vafri
839 723 1017 767 inscitia
1048 723 1172 775 iuris,

65 790 335 842 postremum
367 784 555 842 expellet
587 790 700 827 certe
730 784 923 839 vivacior
954 784 1087 827 heres.

67 860 182 888 nunc
213 860 318 902 ager
350 844 560 888 Vmbreni
591 843 671 887 sub
709 844 901 895 nomine,
935 860 1074 901 nuper
1106 843 1246 887 Ofelli

66 903 224 956 dictus,
253 905 339 948 erit
368 903 482 948 nulh'
507 903 725 961 proprius,
754 904 828 947 sed
857 904 979 947 cedet
1005 903 1055 948 in
1081 919 1208 948 usum

67 979 182 1008 nunc
209 964 335 1015 mihi,
366 979 482 1007 nunc
506 963 600 1008 alii.
637 963 839 1020 quocirca
866 963 1001 1007 vivite
1029 964 1168 1007 fortes
1373 978 1424 1005 135

67 1024 291 1080 fortiaque
315 1024 506 1068 adversis
531 1024 740 1081 opponite
764 1030 937 1080 pectora
962 1023 1118 1067 rebus'.

696 1178 788 1222 III.

67 1250 157 1295 ‘Sic
183 1266 281 1295 raro
308 1250 476 1303 scribis,
505 1256 554 1295 ut
580 1257 673 1295 toto
700 1267 787 1295 non
813 1257 967 1308 quater
991 1267 1107 1296 anno

68 1311 367 1355 membranam
394 1326 557 1368 poscas,
588 1311 852 1370 scriptorum
879 1327 1077 1369 quaeque
1105 1317 1315 1363 retexens,

67 1371 208 1415 iratus
236 1371 336 1423 tibi,
366 1371 484 1428 quod
510 1371 604 1415 vini
632 1371 859 1428 somnique
888 1371 1104 1428 benignus

68 1431 134 1475 nil
161 1431 350 1489 dignum
379 1446 574 1475 sermone
602 1447 743 1475 canas.
782 1431 891 1488 quid
920 1431 1042 1475 fiet?
1079 1437 1126 1475 at
1154 1431 1262 1488 ipsis

69 1490 380 1536 Saturnalibus
409 1490 492 1535 huc
523 1491 699 1549 fugisti.
748 1491 918 1535 sobrius
948 1507 1052 1548 ergo
1407 1508 1425 1534 ε.

68 1551 140 1595 dic
171 1550 342 1609 aliquid
377 1550 563 1608 dignum
595 1552 834 1609 promissis.
877 1552 1036 1609 incipe.
1078 1551 1145 1596 nil
1177 1554 1276 1596 est?

67 1611 303 1669 culpantur
324 1611 493 1655 frustra
515 1611 673 1655 calami
696 1612 1013 1669 inmeritusque
1034 1611 1206 1656 laborat

68 1671 196 1715 iratis
222 1677 353 1715 natus
379 1670 523 1728 paries
547 1671 616 1715 dis
641 1678 772 1729 atque
799 1671 953 1729 poetis.

161 1788 382 1836 Θ.α1)Ε
473 1787 606 1836 Θεῷ

165 1883 242 1921 122
275 1895 361 1920 cum
392 1883 542 1930 duplico
572 1884 645 1921 ficu
669 1885 714 1922 ob
747 1884 820 1921 ficu
848 1885 990 1922 Charis.
1009 1896 1161 1932 mamm
1184 1886 1212 1921 Ι
1227 1888 1289 1930 96,
1310 1889 1334 1922 6
1358 1885 1430 1922 ficu

66 1933 116 1981 Q
131 1932 184 1981 Q
203 1933 324 1976 Char„
343 1933 413 1968 fico
434 1933 475 1969 Ε
492 1932 643 1977 (Mc.)
712 1932 788 1969 128
814 1933 927 1979 culpa
949 1933 1000 1981 Q
1009 1897 1068 1982 Q
1086 1934 1261 1979 (Bland.)
1278 1913 1431 1980 ’Pomm

67 1991 141 2027 cup
143 1991 167 2016 a
192 1993 232 2025 ς,
256 1979 352 2027 pulp
352 1991 377 2016 a
400 1980 599 2025 Heinsius,
629 1980 736 2017 nulla
763 1982 929 2028 Bentley,
963 1982 1035 2017 alii
1058 1982 1137 2017 alia
1268 1980 1345 2018 124
1375 1981 1432 2018 ita

68 2029 118 2077 Q
114 1993 186 2078 pQ
217 1992 394 2074 (Bpland.)
426 2028 580 2075 Porph„
610 2028 668 2065 nti
698 2030 754 2066 vel
783 2031 827 2065 ut
858 2042 880 2070 ς
998 2028 1071 2066 127
1100 2031 1243 2074 quanto
1275 2031 1342 2066 aut
1371 2030 1431 2078 Q,

69 2078 254 2122 quantum
285 2077 353 2113 aut
382 2077 465 2114 ,ΒΦ
586 2076 662 2115 128
694 2077 863 2114 nituistis
887 2078 973 2126 Θψ
1005 2077 1142 2123 Porph.
1176 2078 1218 2122 (i.
1242 2078 1351 2115 schol.
1372 2081 1433 2124 Γ),

69 2124 291 2162 instituisti·
316 2125 395 2172 ‹pu
509 2123 582 2161 181
610 2125 708 2161 Illud
735 2126 806 2171 (sic
828 2126 932 2163 codd
955 2126 1005 2162 M
1010 2126 1056 2171 V)
1084 2127 1151 2161 aut
1174 2126 1363 2172 nequities
1388 2127 1433 2163 ob

3 2214 5 2218 Α
67 2171 258 2218 nequitie·
282 2174 340 2211 Po
411 2173 497 2210 .ad
526 2184 631 2210 serm.
649 2177 686 2217 2,
707 2177 742 2218 3,
761 2177 810 2210 94
932 2173 1009 2210 182
1041 2173 1137 2210 deest
1166 2174 1207 2209 D
1237 2185 1351 2220 usque
1383 2176 1434 2213 ad

67 2231 100 2257 v.
119 2223 158 2265 2,
175 2223 211 2265 3,
229 2223 298 2266 75,·
325 2222 337 2268 [
399 2221 519 2269 :aEJ
618 2220 694 2257 185
720 2221 788 2257 alii
811 2222 939 2278 ΘΘ,
965 2221 1051 2258 aliis
1077 2224 1126 2262 λς

164 2267 206 2316 8,
227 2269 247 2304 1
275 2268 337 2305 Sic
368 2268 516 2314 amo,
549 2268 590 2306 Si
614 2270 671 2306 Ει
679 2282 702 2310 ς
800 2270 932 2306 scribis
960 2272 1010 2314 Φ
1042 2269 1182 2306 scribes
1206 2270 1256 2318 Q
1351 2272 1432 2306 toto

3 2316 6 2366 ζ
69 2326 144 2352 non
168 2318 212 2353 ut
238 2317 407 2354 Dwntner
502 2296 528 2354 ’4
553 2319 596 2354 at
617 2316 670 2366 Q
695 2318 849 2363 mand,
875 2318 923 2354 ab
948 2319 1023 2366 Θλ
1096 2318 1150 2354 nil
1177 2320 1244 2355 est.
1272 2319 1434 2356 Horatio

69 2364 170 2401 dedit
192 2364 308 2402 Hert&
