1586 2514
164 91 248 135 196
712 92 852 129 SERM.
878 94 894 129 Ι
920 98 952 130 e.

237 189 381 233 noluit
405 190 455 233 in
481 189 610 234 Flavi
635 189 788 235 ludum
814 207 882 235 me
908 192 1095 244 mittere,
1123 193 1273 250 magni

235 263 320 305 quo
346 249 471 306 pueri
500 251 671 307 magnis
696 266 718 294 e
744 251 1068 295 centurionibus
1091 251 1194 304 orti,

226 308 347 351 laevo
368 309 565 364 suspensi
591 310 753 353 loculos
776 310 1055 367 tabulamque
1077 311 1251 363 lacerto,

183 382 217 408 τε
235 366 361 411 ibant
391 374 563 411 octonos
594 369 829 413 referentes
858 369 1005 413 idibus
1033 370 1158 422 aeris,

233 426 308 469 sed
337 441 521 483 puerum
552 433 615 470 est
640 443 770 471 ausus
799 429 982 473 Romam
1014 435 1187 486 portare
1214 429 1453 473 docendum

235 485 356 537 artis,
381 501 489 542 quas
514 486 665 531 doceat
687 488 831 544 quivis
855 503 982 545 eques
1005 494 1135 546 atque
1158 494 1329 533 senator

233 550 369 588 semet
400 552 648 603 prognatos.
691 553 852 591 vestem
883 563 1108 605 servosque
1137 548 1370 605 sequentis,

235 604 284 647 in
309 619 468 661 magno
496 611 546 648 ut
569 607 744 663 populo,
770 607 887 663 siqui
911 607 1105 660 vidisset,
1131 606 1251 651 avita

184 679 219 704 80
238 678 290 706 ex
313 678 358 706 re
382 664 577 720 praeberi
598 672 799 723 sumptus
821 666 928 709 mihi
954 667 1143 710 crederet
1164 666 1277 709 illos.

236 722 329 778 ipse
358 723 469 765 mihi
501 730 642 767 eustos
670 725 1072 781 incorruptissimus
1102 725 1244 769 omnis

237 781 400 824 circum
426 782 621 825 doctores
649 784 812 827 aderat.
849 785 958 840 quid
986 785 1161 840 multa?
1197 784 1419 841 pudicum,

236 840 314 896 qui
340 841 508 896 primus
536 842 714 886 virtutis
740 843 886 894 honos,
915 843 1101 887 servavit
1127 843 1181 886 ab
1208 842 1325 886 omni

238 914 324 943 non
347 900 489 943 solum
517 901 649 953 facto,
675 917 824 945 verum
851 903 1083 959 opprobrio
1108 917 1278 959 quoque
1304 902 1424 958 turpi

185 973 219 999 85
239 973 315 1001 nee
344 959 498 1002 timuit
526 960 612 1002 sibi
642 976 695 1003 ne
724 960 833 1004 vitio
861 961 960 1016 quis
989 967 1186 1013 verteret,
1217 959 1322 1004 olim

237 1017 275 1059 si
302 1033 455 1073 praeeo
483 1034 636 1074 parvas
661 1026 751 1071 aut,
781 1026 830 1062 ut
856 1020 948 1063 fuit
974 1021 1079 1076 ipse,
1107 1026 1275 1063 coaetor

236 1077 443 1119 mercedes
453 1091 662 1133 sequerer3
674 1092 811 1133 neque
822 1093 900 1134 ego
911 1093 1044 1121 essem
1052 1082 1237 1134 questus.
1256 1081 1300 1120 at
1308 1079 1389 1121 hoc
1398 1093 1511 1121 nune

239 1135 333 1178 laus
363 1136 434 1178 illi
466 1136 648 1179 debetur
677 1143 723 1180 et
753 1154 778 1180 a
810 1153 877 1180 me
910 1139 1052 1194 gratia
1083 1139 1234 1182 maior.

239 1194 305 1236 nil
332 1210 399 1237 me
428 1196 650 1251 paeniteat
673 1212 828 1240 sanum
856 1198 994 1253 patris
1023 1197 1165 1249 huius,
1195 1212 1328 1254 eoque

183 1266 219 1292 90
238 1266 337 1302 non,
361 1258 410 1295 ut
431 1268 588 1309 magna
608 1253 708 1296 dolo
729 1254 897 1297 factum
918 1261 1050 1310 negat
1070 1270 1159 1298 esse
1177 1270 1256 1298 suo
1275 1269 1390 1314 pare,

239 1313 354 1368 quod
382 1329 469 1356 non
497 1314 708 1370 ingenuos
736 1315 892 1359 habeat
919 1315 1138 1372 clarosque
1165 1321 1378 1372 parentes,

237 1371 300 1414 eie
328 1387 395 1415 me
425 1372 672 1416 defendam.
710 1374 838 1430 longe
866 1389 961 1417 mea
988 1374 1204 1431 discrepat
1231 1374 1349 1417 istie

239 1436 283 1473 et
308 1446 389 1474 vox
418 1438 462 1474 et
487 1432 624 1474 ratio:
657 1448 758 1475 nam
783 1434 821 1475 ei
848 1439 1004 1476 natura
1029 1433 1197 1476 iuberet
1236 1451 1240 1456 ¹

239 1505 264 1532 a
293 1490 420 1532 certis
451 1491 577 1533 annis
603 1506 752 1534 aevom
782 1507 969 1535 remeare
997 1499 1220 1548 peractum

187 1563 222 1589 95
241 1554 370 1604 atque
396 1549 506 1592 alios
536 1550 690 1606 legere,
717 1551 773 1592 ad
802 1551 969 1595 fastum
996 1566 1287 1607 quoscumque
1314 1557 1511 1607 parentes

238 1613 410 1663 optaret
438 1608 526 1651 sibi
558 1609 754 1665 quisque,
786 1610 893 1652 meis
924 1615 1149 1653 contentus
1179 1610 1377 1654 honestos

241 1666 433 1710 fascibus
458 1672 504 1709 et
532 1667 648 1710 sellis
675 1667 834 1710 nollem
862 1668 972 1710 mihi
999 1684 1180 1720 sumere,
1208 1668 1381 1712 demens

241 1725 406 1768 iudicio
432 1725 565 1781 volgi,
595 1741 725 1769 sanus
751 1727 935 1769 fortasse
963 1733 1052 1778 tuo,
1081 1726 1197 1783 quod

242 1783 401 1827 nollem
419 1799 527 1827 onus
547 1784 662 1827 haud
683 1800 887 1841 umquam
907 1784 1060 1829 solitus
1078 1792 1250 1843 portare
1270 1787 1510 1830 molestum.

173 1858 226 1884 100
245 1858 345 1885 nam
371 1843 482 1885 mihi
511 1843 716 1886 continuo
743 1844 881 1886 maior
907 1844 1150 1900 quaerenda
1177 1845 1293 1888 foret
1319 1861 1384 1889 res

261 1933 533 1980 (DtaDEK
627 1934 808 1982 &dedi

265 2004 314 2040 78
341 2016 362 2041 e
389 2007 503 2050 (omis.
525 2006 626 2050 ΕΚ)
653 2006 759 2053 ΒΘ,
785 2007 824 2042 et
848 2007 913 2042 αΦ
988 2004 1037 2042 74
1062 2007 1138 2051 ipse
1158 2018 1224 2052 per
1247 2007 1366 2044 iocum
1388 2010 1516 2055 repetit

167 2053 268 2098 epist.
290 2056 324 2096 1,
344 2057 377 2097 1,
397 2057 445 2089 56
519 2053 566 2089 75
592 2054 745 2089 octonos
766 2081 773 2088 .
795 2081 802 2089 .
824 2081 832 2088 .
854 2053 949 2088 aeris
1042 2058 1084 2096 ᾧ
1112 2055 1247 2100 Pmph.
1274 2056 1315 2100 (i.
1334 2055 1439 2092 schol.
1455 2058 1515 2102 Γ),

169 2100 313 2136 octonis
332 2129 341 2136 .
359 2128 371 2135 ..
393 2128 401 2135 .
421 2111 508 2136 aera
533 2101 631 2137 Κ’Φ
748 2100 797 2137 79
823 2100 855 2135 si
879 2100 944 2145 qui
1038 2105 1099 2145 G),
1131 2100 1163 2136 si
1187 2101 1272 2147 quie
1297 2103 1342 2138 K
1352 2102 1458 2140 Goth.
1483 2108 1516 2140 et

167 2149 320 2192 fortasse
340 2147 394 2184 13¹
478 2147 528 2183 83
553 2149 720 2184 seruauit
744 2148 834 2194 (-bit
859 2148 909 2193 R)
933 2148 982 2202 ᾧ
997 2148 1058 2196 (ᾧ,
1084 2149 1260 2190 seruabat
1287 2150 1318 2185 Φ
1397 2150 1446 2187 87
1475 2153 1516 2186 at

134 2211 136 2213 ·
168 2195 242 2231 boe
267 2206 302 2240 ς,
327 2195 377 2230 ad
401 2195 472 2230 hoc
495 2195 614 2243 ΘΘ,
641 2196 689 2230 ad
713 2195 806 2231 haec
831 2207 870 2238 ς;
897 2195 963 2230 alii
989 2196 1054 2230 ‘ad
1080 2196 1186 2232 haee’
1212 2195 1356 2243 legunt,
1380 2200 1424 2233 ut
1448 2198 1513 2234 sit:

170 2242 219 2278 ad
244 2242 337 2278 haec
362 2253 458 2287 quae
492 2243 699 2288 praestitit3
737 2243 803 2278 alii
831 2243 894 2278 ‘ad
919 2243 1003 2278 hoe'
1031 2242 1176 2280 scilicet
1199 2244 1299 2288 quod
1323 2245 1515 2290 praestitit

167 2291 273 2327 schol.
294 2290 369 2325 PV
484 2289 535 2325 96
561 2290 632 2326 sibi
656 2291 705 2337 Q)
721 2290 787 2338 Θ,
814 2290 845 2325 si
873 2292 920 2332 Φ,
947 2291 1003 2325 K¹
1028 2302 1062 2326 n.
1084 2291 1106 2327 1.
1150 2327 1153 2330 ,
1197 2290 1371 2327 honestos
1394 2293 1444 2339 ᾷ)
1465 2292 1516 2340 Θ

170 2338 343 2381 (Bland.)
371 2338 553 2382 (Porph),
578 2337 783 2383 (h)onustzos
810 2349 831 2376 ς
