1586 2514
178 45 265 124 246
662 84 667 88 ’
727 81 866 117 SERM.
891 81 926 116 H
946 85 977 118 8.

777 197 909 241 VIII.

234 273 301 316 ‘Vt
324 274 554 317 Nasidieni
574 274 688 318 iuvit
707 280 748 318 te
768 290 870 318 cena
891 274 1040 318 beati?

231 349 332 376 nam
361 334 471 376 mihi
499 334 723 390 quaerenti
751 334 971 377 convivam
1001 334 1141 378 dictus
1169 334 1266 378 here
1292 333 1384 378 illic

231 392 283 435 de
309 393 452 436 medio
474 399 624 450 potare
647 393 746 436 die.'
780 393 867 445 ³sic,
893 400 942 436 ut
965 393 1075 436 mihi
1099 406 1335 451 numquam

232 452 281 495 in
307 452 398 495 vita
425 453 564 496 fuerit
590 452 775 503 melius.'
811 453 893 504 ³da,
922 453 958 496 si
986 469 1115 509 grave
1142 469 1228 497 non
1254 459 1330 505 est,

195 527 213 554 5
231 527 340 567 quae
373 512 516 568 prima
546 512 708 556 iratum
737 519 929 556 ventrem
962 513 1178 569 pacaverit
1207 512 1329 556 esca.’

232 570 294 614 ‘in
323 572 478 627 primis
508 571 709 615 Lucanus
739 587 864 628 aper:
901 572 988 614 leni
1018 571 1110 615 fuit
1139 572 1304 616 Austro

233 636 396 687 captus,
428 636 477 674 ut
503 631 647 674 aiebat
674 646 800 675 cenae
827 637 973 688 pater:
1006 632 1121 675 acria
1148 632 1308 675 circum

234 690 399 746 rapula,
427 691 630 742 lactucae,
657 690 833 743 radices,
861 691 1007 747 qualia
1031 691 1190 734 lassum

233 750 477 806 pervellunt
507 750 791 802 stomachum,
824 750 942 794 siser.
976 750 1125 803 hallec,
1159 751 1328 795 faecula
1361 750 1462 794 Coa.

184 824 217 851 10
236 809 304 852 his
326 815 374 852 ut
395 809 577 853 sublatis
600 825 706 866 puer
727 810 815 855 alte
837 810 1000 853 cinctus
1022 826 1217 854 acernam

234 883 422 925 gausape
454 884 671 925 purpureo
701 885 892 912 mensam
922 870 1122 925 pertersit
1145 877 1195 922 ¹et
1225 869 1333 913 alter

232 927 425 984 sublegit
453 928 750 984 quodcumque
776 928 932 972 iaceret
957 929 1114 972 inutile
1140 928 1339 985 quodque

234 993 376 1043 posset
403 987 598 1031 cenantis
623 987 874 1031 offendere:
908 994 957 1031 ut
983 988 1136 1031 Attica
1161 988 1285 1044 virgo

234 1062 332 1089 cum
359 1047 492 1090 sacris
520 1047 688 1090 Cereris
713 1047 906 1104 procedit
932 1048 1081 1091 fuscus
1108 1047 1339 1104 Hydaspes

182 1121 216 1148 15
236 1106 434 1149 Caecuba
462 1106 566 1149 vina
593 1107 750 1158 ferens,
780 1106 923 1150 Alcon
952 1106 1113 1150 Chium
1142 1107 1274 1150 maris
1302 1121 1464 1163 expers.

235 1165 304 1208 hic
336 1181 432 1208 erus
463 1165 728 1218 “Albanum,
759 1166 1000 1218 Maecenas,
1032 1166 1120 1209 sive
1150 1165 1389 1209 Falernum

235 1230 277 1267 te
306 1225 447 1281 magis
475 1225 686 1281 adpositis
714 1225 922 1268 delectat:
958 1225 1161 1268 habemus
1190 1224 1464 1282 utrumque.'’

237 1284 428 1341 ‘divitias
458 1284 653 1329 miseras!
692 1284 765 1328 sed
796 1284 895 1341 quis
927 1284 1179 1328 cenantibus
1210 1300 1309 1328 una.

235 1343 457 1395 Fundani,
485 1344 632 1400 pulcre
656 1344 795 1387 fuerit
819 1344 915 1395 tibi,
942 1359 1063 1387 nosse
1086 1343 1263 1387 laboro!

182 1418 217 1444 20
236 1403 442 1446 ‘summus
470 1418 549 1459 ego
575 1409 618 1446 et
642 1418 774 1459 prope
800 1419 867 1445 me
891 1403 1043 1451 Viscus
1070 1403 1290 1447 Thurinus
1317 1409 1359 1446 et
1383 1403 1517 1454 infra,

233 1462 272 1505 si
298 1462 491 1514 memini,
516 1462 695 1515 Varius;
726 1477 823 1505 cum
848 1462 1032 1505 Servilio
1058 1463 1290 1506 Balatrone

234 1521 439 1565 Vibidius
463 1537 569 1578 quos
591 1522 819 1564 Maecenas
841 1521 1081 1565 adduxerat
1103 1521 1288 1565 umbras.

236 1582 535 1624 Nomentanus
561 1586 653 1624 erat
675 1580 801 1636 sup'er
823 1580 980 1636 ipsum,
1006 1581 1185 1624 Porcius
1207 1581 1339 1631 infra,

272 1687 441 1733 <9:0ss
531 1686 663 1733 (ΨΦ

275 1768 320 1815 8,
341 1769 361 1804 1
396 1769 439 1805 ob
470 1770 513 1804 ut
544 1770 650 1813 affert
674 1769 790 1804 Prisc.
818 1771 876 1812 17,
895 1771 945 1804 38
977 1780 1014 1814 p.
1037 1772 1123 1813 131,
1141 1771 1190 1805 26
1303 1767 1326 1802 2
1358 1767 1454 1802 Nam
1481 1788 1523 1794 —

180 1816 241 1851 die
266 1817 308 1852 ob
333 1817 421 1851 here
447 1818 562 1853 Prisc.
583 1819 641 1860 15,
662 1818 707 1851 14
727 1828 764 1861 p.
788 1818 845 1859 71,
863 1819 923 1859 23,
955 1817 998 1852 ob
1023 1816 1145 1852 medio
1172 1816 1232 1851 die
1256 1816 1362 1852 schol.
1382 1815 1458 1851 PV
1476 1814 1527 1850 ad

180 1865 280 1909 epist.
305 1867 342 1908 1,
363 1868 403 1908 5,
423 1867 446 1901 3
566 1863 762 1909 quaerenti
793 1863 984 1898 convivam
1014 1865 1061 1910 Θ
1077 1864 1128 1911 Θ
1161 1863 1279 1907 (schol.
1306 1862 1409 1907 PV),
1440 1873 1526 1897 con-

178 1911 520 1997 gssvfffflrguaeffigitsi
539 1913 732 1996 ἕίῗζὶἒᾍοι
767 1911 857 1993 {iere
882 1912 939 1994 ΕΞ
992 1910 1296 2005 ὃΡὲὛίῖοὲΐὴξῙῗνρς
1305 1911 1382 1993 (biii
1405 1909 1521 1993 3155

180 2006 241 2042 dic
269 2007 342 2043 OE
366 1972 538 2052 (pBland.)
566 2008 578 2043 Z
604 2009 754 2054 (ylossa)
835 2005 859 2041 5
883 2007 1077 2051 pacauerit
1101 2010 1222 2052 (pecc-
1241 2005 1309 2046 ΕΙ)
1333 2005 1417 2051 ΘΖ,
1434 1984 1525 2050 ’plal

180 2054 322 2090 cauerit
341 2055 403 2090 Fa
475 2055 500 2090 9
526 2056 568 2091 ob
592 2054 715 2090 hallec
734 2057 850 2089 neutr.
866 2054 982 2089 Prisc.
1005 2057 1039 2098 6,
1051 2057 1101 2091 20
1114 2066 1152 2100 p.
1167 2055 1252 2096 212,
1265 2055 1312 2088 13
1385 2051 1435 2087 10
1455 2051 1522 2087 His

180 2123 225 2128 —
249 2102 424 2147 pertersit
448 2104 490 2139 ob
516 2113 681 2149 gausape
707 2101 777 2137 abl.
799 2102 914 2137 Prisc.
938 2104 971 2145 7,
991 2105 1037 2138 55
1055 2114 1096 2147 p.
1116 2104 1199 2144 333,
1217 2103 1262 2143 2,·
1295 2103 1336 2135 11
1364 2111 1397 2145 g.
1417 2111 1453 2145 p.
1473 2106 1522 2134 m.

178 2161 213 2194 p.
237 2160 407 2185 acernam
432 2151 527 2186 idem
552 2152 595 2187 ob
620 2151 714 2186 idem
738 2149 951 2184 vocabulum
978 2144 1012 2194 7,
1033 2152 1079 2185 '74
1104 2161 1143 2194 p.
1165 2151 1248 2191 350,
1266 2150 1313 2183 21
1407 2147 1456 2182 10
1481 2148 1524 2182 ut

177 2197 226 2243 Q)
242 2197 293 2244 Θ
318 2199 487 2242 (Prisc),
517 2198 583 2233 ubi
608 2199 695 2237 Εἰς
721 2199 782 2242 (ex
804 2197 939 2243 ylossa)
1061 2196 1110 2232 15
1135 2196 1179 2232 ob
1204 2194 1338 2236 Chium
1362 2195 1523 2238 afferunt

179 2245 294 2280 Prisc.
313 2247 411 2288 2,46
429 2257 469 2291 p.
492 2249 586 2290 72,4
613 2247 742 2281 Micon
766 2246 814 2280 32
886 2243 935 2279 18
961 2243 1114 2279 miseras
1133 2242 1252 2290 ΘΘ,
1277 2242 1388 2278 miras
1410 2243 1523 2278 Hein-

176 2292 255 2328 sius
299 2291 393 2377 &22
407 2304 523 2339 prope
547 2295 595 2341 Θ
611 2293 662 2341 Θ
686 2303 752 2338 pro
779 2292 916 2328 Bland.
943 2303 964 2331 ς
1049 2291 1099 2327 22
1125 2301 1218 2336 quos
1235 2290 1284 2337 Θ
1300 2289 1350 2337 Θ
1379 2290 1523 2335 Porph„

179 2350 271 2384 quas
335 2345 371 2376 ot
397 2367 404 2375 .
431 2352 452 2380 ς
