1586 2514
595 61 736 99 SERM.
763 61 798 99 11
818 67 850 100 6.
872 67 903 101 τ.
1338 62 1424 107 241

65 177 170 221 ergo
195 161 273 207 ubi
297 177 517 220 purpurea
541 168 789 220 porrectum
814 162 863 206 in
886 168 1002 207 veste
1027 162 1188 207 locavit

64 227 295 280 agrestem,
323 222 462 267 veluti
487 223 734 268 succinctus
762 223 946 267 cursitat
976 223 1129 280 hospes

63 282 380 340 continuatque
411 281 544 340 dapes
573 298 651 326 nec
683 298 772 327 non
802 283 1029 327 verniliter
1059 284 1169 341 ipsis

65 342 276 400 fungitur
303 342 490 395 officiis,
518 343 820 400 praelambens
847 358 974 387 omne
999 344 1117 401 quod
1144 343 1306 388 adfert.

66 401 144 446 ille
167 401 330 446 cubans
353 403 518 460 gaudet
541 408 712 446 mutata
736 408 850 447 sorte
875 402 1085 460 bonisque
1372 420 1424 446 110

64 461 193 506 rebus
223 462 321 520 agit
350 462 516 507 laetum
547 463 788 516 convivam,
821 478 920 507 cum
951 463 1097 508 subito
1128 463 1284 521 ingens

64 521 291 566 valvarum
318 523 531 580 strepitus
557 522 683 566 lectis
712 523 902 567 excussit
930 529 1177 581 utrumque.

60 596 236 626 ¹currere
263 597 342 639 per
370 588 514 630 totum
542 582 694 640 pavidi
723 583 923 627 conclave
951 584 1179 641 magisque

63 641 287 686 exanimes
317 639 550 700 trepidare,
581 642 716 687 simul
745 643 900 687 domus
929 643 1021 688 alta
1049 644 1257 689 Molossis

63 700 292 759 fier-sonuit
322 702 516 746 canibus.
558 708 654 746 tum
686 703 899 747 rusticus:
937 702 1083 747 “haud
1114 704 1226 748 mihi
1258 703 1350 748 vita
1372 720 1422 747 115

64 766 130 805 est
155 776 265 819 opus
291 761 401 806 hac''
427 762 494 806 ait
519 767 564 807 et
590 762 784 807 uvaleas:
818 779 887 807 me
914 763 1025 807 silva
1053 779 1262 821 cavosque

65 826 188 866 tutus
209 821 264 866 ab
287 821 464 867 insidiis
486 822 609 867 tenui
631 823 846 867 solabitur
868 823 1014 868 ervo.'’
1027 824 1039 844 '

686 954 793 999 VII.

63 1025 346 1070 ‘Iamdudum
369 1026 565 1071 ausculto
588 1033 632 1071 et
654 1027 834 1084 cupiens
857 1027 942 1071 tibi
966 1028 1106 1072 dicere
1130 1044 1271 1073 servos

62 1100 201 1142 pauca
229 1086 502 1130 reformido!
540 1086 756 1131 ‘Davosne
773 1087 807 1129 ?'
846 1087 947 1142 ‘ita;
986 1087 1147 1141 Davos‚
1177 1090 1366 1133 amicum

64 1145 336 1204 mancipium
361 1145 538 1191 domino
563 1153 607 1191 et
631 1147 758 1205 frugi
783 1147 900 1205 quod
924 1147 986 1192 sit
1010 1148 1131 1202 satis,
1158 1149 1237 1193 hoc
1263 1156 1340 1202 est,

64 1211 114 1250 ut
139 1205 275 1250 vitale
301 1205 458 1264 putes?
495 1205 604 1265 ³age,
632 1207 837 1251 libertate
864 1208 1096 1262 decembri,

61 1265 238 1322 quando
255 1266 322 1310 ita
339 1266 524 1311 maiores
541 1268 788 1321 voluerunt,
808 1274 953 1312 utere:
978 1268 1137 1313 narra.’
1404 1287 1421 1313 5

62 1325 177 1383 ‘pars
205 1325 436 1371 hominum
462 1327 587 1371 vitiis
616 1328 782 1385 gaudet
809 1334 1058 1373 constanter
1084 1335 1129 1374 et
1159 1337 1287 1388 urget

61 1386 362 1444 propositum;
392 1402 493 1445 pars
513 1388 655 1432 multa
678 1395 815 1441 natat,
839 1389 969 1433 modo
991 1395 1108 1434 recta
1131 1405 1365 1448 capessen8‚

61 1446 287 1491 interdum
316 1447 463 1505 pravis
487 1447 693 1493 obnoxia.
734 1464 860 1507 saepe
888 1455 1066 1495 notatus

61 1521 161 1551 cum
187 1506 330 1552 tribus
354 1507 524 1561 anellis,
552 1508 682 1552 modo
707 1509 829 1553 laeva
855 1509 1032 1554 Priscus
1058 1510 1183 1555 inani

59 1566 176 1610 vixit
205 1567 465 1626 inaequalis,
495 1568 663 1613 clavom
695 1575 745 1613 ut
774 1575 967 1615 mutaret
995 1570 1045 1615 in
1076 1571 1216 1625 horas,
1387 1588 1420 1615 10

60 1626 242 1672 aedibus
271 1643 325 1671 ex
353 1628 528 1686 magnis
554 1629 702 1673 subito
731 1645 774 1674 se
802 1630 1007 1675 conderet
1035 1631 1150 1676 unde

61 1687 269 1731 mundior
297 1688 438 1732 exiret
463 1688 539 1732 vix
569 1689 804 1734 libertinus
832 1690 1009 1735 honeste
1022 1707 1032 1746 ;

59 1746 152 1792 iam
181 1747 384 1792 moechus
414 1747 595 1802 Romae,
628 1749 718 1793 iam
749 1750 902 1795 mallet
931 1751 1085 1796 doctus
1115 1752 1307 1797 Athenis

58 1807 218 1860 vivere,
249 1807 517 1862 Vertumnis,
548 1816 766 1868 quotquot
795 1817 911 1865 sunt,
942 1817 1071 1856 natus
1101 1813 1282 1870 iniquis.

151 1889 201 1937 Q)
214 1904 223 1926 :
237 1891 320 1927 aE
412 1890 484 1939 Θε
502 1892 545 1928 Φ

155 1961 231 1998 loe
255 1961 322 1998 ubi
346 1963 432 2010 ΘΖ,
457 1965 558 2001 omis.
578 1965 641 2000 Ἑλ
740 1965 816 2002 108
841 1965 1038 2003 nemiliter
1061 1967 1110 2015 ᾧ
1127 1967 1189 2016 Θ,
1214 1967 1423 2004 uei-naliter

54 2008 191 2056 (uei-al·
210 2011 243 2054 2)
269 2011 309 2047 21
404 2011 498 2057 ipsis
522 2011 572 2060 Q)
587 2012 649 2061 Θ,
675 2013 757 2059 ipse
783 2015 992 2052 Lambinus
1102 2015 1179 2052 109
1205 2015 1315 2052 affert
1338 2016 1421 2064 (DI,

56 2056 251 2155 ‘ffltgflz
262 2108 487 2145 continuant
505 2109 629 2154 priori
651 2111 809 2146 sermoni
836 2110 876 2146 F
891 2111 1106 2157 (Bland.?),
1131 2113 1230 2158 quod
1253 2113 1423 2159 probavit

55 2153 231 2202 Bentley,
261 2155 438 2192 dividunt
466 2157 561 2204 (921
586 2157 722 2204 Porph.
845 2158 870 2194 3
905 2161 944 2196 et
968 2159 1095 2207 frugi?
1127 2161 1289 2198 Horatio
1320 2161 1422 2198 dedit

55 2201 157 2239 Kode
253 2203 356 2249 quod
379 2204 428 2252 ᾧ
445 2204 512 2253 Θ,
547 2206 671 2251 quoad
699 2218 721 2246 ς
842 2206 867 2243 4
893 2218 964 2254 age
991 2229 1034 2235 -
1062 2208 1252 2245 decembri
1277 2210 1321 2246 ob
1345 2221 1421 2246 rem

55 2250 164 2295 affert
195 2251 302 2288 schol.
324 2254 359 2288 Γ
389 2253 441 2289 ad
474 2265 506 2289 v.
526 2256 575 2290 40
722 2254 742 2290 7
777 2265 979 2302 capessens
1003 2257 1084 2302 Fa,
1118 2268 1321 2303 capescens
1351 2258 1420 2306 &l

55 2298 106 2334 18
131 2299 265 2336 doctus
289 2300 375 2347 ΘΖ,
412 2301 544 2337 doctor
566 2301 618 2350 (ᾧ
642 2303 784 2340 Bland.
803 2305 912 2341 schol.
932 2307 967 2340 Γ
1087 2303 1138 2341 14
1163 2307 1207 2343 ob
1232 2307 1420 2351 quotquot

53 2346 174 2384 Prisc.
192 2350 252 2392 17,
271 2351 318 2385 45
339 2360 379 2395 p.
399 2352 484 2394 135,
505 2353 551 2386 19

127 2413 309 2449 non-mm,
327 2415 374 2443 ed.
393 2416 573 2443 Vollmer.
612 2417 668 2444 Ed.
689 2418 730 2444 11.
750 2420 856 2445 maior.
880 2420 980 2453 [1436]
1158 2417 1202 2449 16
