1586 2514
191 92 278 135 280
729 90 873 127 srlsr.
901 91 912 126 1
940 94 997 126 ιτ.
1051 73 1053 75 ’

246 206 346 234 nam
377 207 514 247 neque
544 191 756 235 divitibus
787 191 1048 248 contingunt
1078 190 1238 247 gaudia
1268 189 1372 235 solis

193 265 225 292 ιο
243 265 319 293 nec
349 250 463 294 vixit
493 251 618 303 male,
648 252 727 307 qui
757 256 884 294 natus
915 251 1184 307 moriensque
1215 249 1395 294 fefellit.

241 309 278 352 si
310 310 509 366 prodesse
541 311 630 354 tuis
661 310 876 367 pauloque
908 310 1137 367 benignius
1169 309 1312 367 ipsum

241 374 283 411 te
311 375 495 412 tractare
522 370 651 421 voles,
681 369 850 425 accedes
878 369 1013 412 siccus
1040 369 1096 412 ad
1126 375 1316 413 unctum.

246 427 296 471 ‘si
321 428 553 484 pranderet
578 428 703 472 holus
727 428 957 485 patienter,
983 428 1158 485 regibus
1184 428 1250 472 uti

247 487 381 530 nollet
410 487 699 544 Aristippus.'
739 487 790 531 ‘si
820 487 947 530 sciret
977 487 1151 543 regibus
1181 487 1262 539 uti,

197 561 229 588 15
249 546 474 590 fastidiret
504 547 642 598 holus,
674 546 752 603 qui
784 562 851 589 me
883 547 1035 590 notat.'
1067 547 1208 590 utrius
1239 548 1392 590 horum

245 606 375 649 verba
398 606 550 662 probes
572 612 619 650 et
641 607 774 658 facta,
800 606 902 649 doce
926 606 993 649 vel
1018 606 1164 650 iunior
1187 606 1305 659 audi,

246 681 322 708 cur
345 665 406 708 sit
432 665 656 722 Aristippi
684 665 828 722 patior
854 665 1079 708 sententia.
1116 681 1302 722 namquo

245 724 488 768 mordacem
517 725 733 780 Cynicum
759 725 820 768 sic
849 724 1063 776 eludebat,
1093 730 1145 771 ut
1169 725 1317 768 aiunt:

244 783 426 827 'scurror
448 800 528 840 ego
551 784 645 840 ipse
668 784 792 836 mihi,
817 785 977 840 populo
1001 790 1074 827 tu:
1105 784 1263 828 rectius
1286 784 1362 828 hoc
1386 790 1429 827 et

191 857 227 884 20
243 843 517 899 splendidius
543 843 682 886 multo
708 849 784 886 est.
821 858 950 899 equos
976 849 1025 886 ut
1050 859 1117 887 me
1144 849 1300 900 portet,
1328 843 1418 886 alat
1444 858 1532 894 rex,

246 902 455 945 officium
485 903 626 955 faci03
666 908 716 946 tu
746 902 884 958 poscis
913 901 1034 954 vilia,
1065 918 1215 946 verum
1247 917 1290 945 es

245 961 375 1004 dante
400 961 556 1012 minor,
583 961 780 1017 quamvis
806 961 896 1004 fers
921 966 963 1004 te
989 961 1153 1004 nullius
1179 960 1404 1018 egentem.'

249 1020 388 1064 omnis
412 1020 695 1077 Aristippum
718 1020 866 1063 decuit
890 1020 1004 1063 color
1029 1026 1074 1063 et
1096 1026 1234 1064 status
1257 1026 1301 1064 et
1324 1035 1403 1072 res,

246 1085 531 1136 temptantem
559 1080 724 1122 maiora
751 1080 856 1131 fere,
886 1079 1182 1136 praesentibus
1209 1095 1402 1135 aequom.

195 1153 229 1180 25
249 1144 411 1190 contra,
441 1154 569 1195 quem
597 1138 764 1195 duplici
794 1153 938 1195 panno
967 1138 1181 1195 patientia
1206 1139 1335 1190 velat,

243 1197 447 1249 mirabor,
475 1198 591 1241 vitae
618 1198 689 1241 via
714 1197 752 1240 si
781 1213 981 1241 conversa
1008 1197 1188 1241 decebit.

247 1256 356 1300 alter
381 1272 647 1313 purpureum
673 1272 760 1300 non
787 1257 1052 1313 exspectabit
1079 1257 1300 1308 amictum,

244 1315 462 1372 quidlibet
492 1316 671 1359 indutus
702 1316 979 1359 celeberrima
1009 1331 1085 1372 per
1117 1316 1209 1359 loca
1239 1316 1366 1359 vadet

243 1390 553 1431 personamque
581 1376 692 1418 feret
719 1391 805 1418 non
833 1376 1116 1418 inconcinnus
1144 1382 1420 1432 utramqu0;<

191 1449 226 1475 30
244 1434 354 1476 alter
381 1434 532 1477 Mileti
562 1440 725 1478 textam
755 1450 856 1477 canc
885 1435 1007 1490 peius
1036 1441 1078 1477 et
1106 1434 1240 1491 angui

242 1493 403 1536 vitabit
432 1493 688 1545 chlanidem,
720 1494 929 1536 morietur
957 1493 1138 1550 frigore,
1168 1493 1206 1537 si
1234 1509 1320 1537 non

244 1553 462 1595 rettuleris
490 1568 696 1609 pannum.
736 1553 850 1596 refer
879 1559 921 1595 et
948 1553 1040 1596 sine
1066 1553 1185 1596 vivat
1213 1552 1398 1610 ineptus.

244 1627 309 1655 res
336 1627 481 1668 gerere
508 1618 551 1655 et
577 1618 723 1669 captos
749 1612 970 1655 ostendere
997 1612 1163 1655 civibus
1191 1612 1325 1656 hostis

244 1671 428 1727 attingit
452 1671 611 1714 solium
641 1671 757 1714 Iovis
784 1677 826 1714 et
853 1671 1052 1714 caelestia
1079 1677 1288 1727 temptat:

284 1773 514 1820 &affin
605 1774 785 1822 &RQ

287 1868 334 1904 10
360 1869 402 1904 ob
427 1869 638 1905 sententiam
661 1870 794 1917 Porph.
816 1873 848 1912 1,
863 1871 922 1912 18,
936 1872 1006 1905 103
1080 1868 1128 1904 12
1154 1869 1307 1904 accedes
1322 1889 1365 1895 —
1379 1870 1533 1905 unctum

190 1917 233 1952 ob
257 1918 391 1952 unctus
411 1917 542 1962 Porphf.
563 1918 661 1961 epist.
685 1920 717 1960 1,
733 1920 788 1961 14,
800 1920 846 1952 21
872 1917 978 1952 schol.
999 1917 1073 1952 PV
1087 1928 1149 1952 ars
1167 1919 1241 1953 422
1306 1917 1355 1952 ad
1380 1918 1532 1953 unctum

189 1964 237 2010 Q
265 1964 316 2047 Θ
351 1965 486 2008 Porph.
524 1964 629 2000 schol.
669 1965 753 2007 FV,
791 1964 984 1999 inunctum
1021 1964 1177 2006 Biana„
1215 1964 1458 2000 adinunctum
1495 1965 1536 1999 E

191 2010 253 2047 14.
300 2011 323 2047 5
350 2013 476 2047 turbae
500 2013 541 2046 in
561 2013 591 2047 Φ
611 2013 652 2047 ob
672 2023 799 2057 parem
824 2013 865 2048 in
886 2015 941 2048 13.
962 2014 1008 2047 14
1028 2012 1232 2047 clausulam
1239 2026 1253 2056 ;
1278 2009 1342 2048 14.
1365 2011 1412 2047 15
1433 2012 1533 2047 omis.

190 2059 254 2104 φὶ,
304 2057 352 2094 14
389 2070 455 2095 om.
494 2058 608 2101 ψῑλῑ,
658 2059 722 2094 15.
761 2057 810 2095 14
848 2060 997 2095 ordinat
1032 2071 1083 2103 π;
1129 2063 1219 2095 recte
1254 2059 1303 2106 Q
1333 2059 1370 2096 R
1400 2060 1532 2105 Porph.

191 2105 240 2141 19
263 2105 401 2141 rectius
426 2106 474 2152 Q
490 2105 556 2153 Θ,
581 2106 731 2153 regibus
751 2107 833 2142 Fu
905 2106 952 2142 21
979 2117 1108 2141 uerum
1134 2117 1172 2142 es
1192 2108 1246 2152 (es
1264 2107 1364 2142 omis.
1384 2106 1531 2142 aER'w

190 2153 345 2198 Bland.)
370 2153 418 2200 Q
435 2153 502 2200 Θ,
527 2164 649 2188 rerum
675 2166 696 2193 ς
769 2153 818 2190 25
844 2155 887 2190 ob
912 2154 1089 2199 duplicem
1110 2164 1280 2198 pannum
1305 2155 1412 2198 affert
1435 2153 1530 2190 Serv.

190 2201 281 2237 Aen.
303 2203 344 2245 5,
363 2204 434 2237 421
467 2201 573 2244 (Isid.
601 2202 688 2247 oriy.
710 2204 773 2246 19,
791 2204 856 2246 24,
878 2204 938 2246 11)
1082 2200 1132 2236 28
1163 2200 1246 2236 loca
1275 2201 1339 2248 Θ,
1370 2201 1453 2236 ioca
1482 2200 1532 2249 Θ

190 2247 242 2283 30
260 2268 306 2274 -
325 2247 547 2293 chlamyden
579 2249 622 2284 ob
648 2249 716 2284 abl.
738 2249 853 2294 angui
878 2250 992 2285 Prisc.
1015 2252 1047 2292 7,
1067 2251 1115 2284 68
1140 2260 1179 2294 p.
1200 2251 1282 2292 346,
1301 2251 1324 2284 6
1419 2249 1531 2293 angui

188 2295 239 2342 Θ
264 2297 396 2339 Prisc„
423 2306 543 2341 angue
568 2296 616 2342 Θ
693 2295 740 2330 31
767 2296 914 2332 Vitabit
939 2296 1026 2341 (-uit
1050 2295 1191 2339 aA2R)
1215 2296 1264 2342 Q
1285 2295 1352 2342 Θ,
1377 2295 1533 2330 vitabat,

191 2343 340 2387 (Prisc.)
414 2343 624 2378 chlanidem
652 2343 846 2389 Umquam,
872 2343 1134 2390 c(h)lamydem
1158 2343 1206 2391 Q
1222 2342 1273 2391 Θ
1298 2343 1449 2387 (Prisc.)
