1586 2514
587 104 733 142 CARM.
759 104 776 140 1
802 108 857 140 24.
879 108 935 140 25.
1380 103 1438 146 35

291 203 444 247 multis
473 204 550 247 ille
580 204 706 247 bonis
735 201 906 246 flebilis
937 202 1111 254 occidit,

291 263 404 307 nulli
423 263 623 307 flebilior
641 278 772 320 quam
792 262 891 314 tibi,
911 262 1096 319 Vergili.
1401 277 1436 304 ιο

292 329 355 374 tu,
375 324 544 368 frustra.
562 323 676 380 pius,
697 323 779 367 heu
800 338 887 366 non
907 323 971 366 ita
989 322 1206 366 creditum

343 383 485 440 poscis
515 382 788 439 Quintilium
820 383 934 426 deos.

287 502 432 559 quid?
476 502 514 546 si
544 502 747 546 Threicio
775 502 980 546 blandius
1010 501 1185 559 Orpheo

288 562 488 607 auditam
519 562 740 607 moderere
771 562 999 606 arboribus
1030 562 1186 614 fidem,

289 638 395 666 num
419 638 553 666 vanae
578 622 726 666 redeat
747 622 929 679 sanguis
955 621 1159 678 imagini,
1400 635 1434 663 15

341 698 474 739 quam
499 682 625 739 virga
650 682 782 725 semel
808 682 986 725 horrida

290 816 377 845 non
404 801 514 844 lenis
541 801 742 857 precibus
769 801 867 843 fata
897 800 1116 843 recludere

290 860 419 918 nigro
448 860 693 917 conpulerit
723 860 973 903 Mercurius
1003 860 1165 917 gregi?

289 920 473 964 durum:
503 919 577 963 sed
602 919 741 962 levius
765 919 827 961 fit
852 919 1070 976 patientia

341 979 559 1036 quidquid
589 979 806 1034 corrigere
837 985 901 1022 est
931 979 1069 1022 nefas.
1398 994 1434 1021 20

676 1157 829 1202 XXV.

289 1241 472 1286 Parcius
493 1241 664 1285 iunctas
684 1242 893 1299 quatiunt
914 1242 1128 1285 fenestras

285 1301 474 1346 iactibus
506 1301 668 1345 crebris
699 1302 876 1345 iuvenes
909 1301 1101 1358 protervi

287 1376 364 1405 nec
387 1361 472 1404 tibi
495 1376 668 1406 somnos
690 1362 895 1405 adimunt
919 1367 1123 1417 amatque

339 1421 474 1466 ianua
501 1421 651 1473 limen,

285 1556 397 1598 quae
423 1541 546 1598 prius
572 1541 762 1584 multum
789 1540 939 1584 facilis
966 1539 1168 1583 movebat
1415 1554 1433 1581 5

285 1601 495 1644 cardines.
543 1600 671 1644 audis
699 1600 846 1643 minus
874 1605 917 1643 et
946 1599 1092 1642 minus
1120 1599 1235 1642 iam:

284 1659 369 1704 ‘me
399 1666 478 1704 tuo
506 1660 663 1716 longas
696 1665 906 1716 pereunte
938 1665 1103 1711 noctes,

339 1719 500 1775 Lydis,
529 1719 695 1762 dormis
711 1719 745 1760 ?'

286 1838 474 1882 invicem
502 1838 699 1881 moechos
727 1853 836 1882 anus
863 1837 1112 1895 arrogantis

286 1897 420 1942 flebis
446 1897 495 1941 in
519 1898 610 1941 solo
634 1898 743 1942 levis
769 1898 1008 1955 angiportu
1394 1912 1431 1941 io

287 1957 476 2001 Thracio
505 1957 738 2001 bacchante
769 1957 911 2014 magis
940 1956 1020 1999 sub
1051 1956 1187 2000 inter-

339 2017 463 2061 lunia
482 2023 624 2070 vento,

163 2133 445 2181 ΘιΑΒΒΕ
537 2134 720 2182 §13:34⁵

165 2229 204 2265 9.
231 2228 284 2265 10
307 2229 350 2266 ob
374 2241 446 2266 voc.
474 2229 619 2275 Vergili
645 2230 762 2266 Prisc.
786 2232 820 2273 7,
841 2232 949 2275 181).
971 2231 1056 2272 302,
1078 2231 1121 2264 11
1222 2226 1287 2264 19.
1314 2226 1366 2263 20
1388 2229 1432 2264 ob

67 2277 285 2312 sententiam
309 2277 409 2314 Dan.
440 2278 517 2313 Ter.
545 2278 633 2313 Hec
657 2280 729 2313 603

163 2323 246 2379 25,
250 2324 275 2360 5
300 2323 424 2360 facilis
442 2325 606 2408 &QPF
572 2326 720 2369 (Blamz
723 2328 748 2370 .)
768 2326 876 2362 schol.
898 2326 985 2368 ΑΓ,
1004 2322 1137 2359 faciles
1159 2325 1191 2358 Φ
1209 2323 1272 2359 Ps.
1295 2324 1430 2369 Porph.

70 2371 116 2407 11
145 2371 266 2418 magis
291 2372 340 2419 Q)
362 2372 414 2420 {D
437 2374 520 2408 echo
571 2375 615 2416 Γ,
639 2384 783 2419 vagans
816 2374 951 2409 Usener

1166 2431 1216 2464 3*
