1586 2514
603 49 745 86 SERM.
769 48 805 85 Π
825 52 856 85 7.
1324 48 1412 90 243

59 154 109 196 tu
138 164 236 194 oum
261 148 323 193 sis
348 148 466 206 quod
493 163 574 206 ego
601 155 645 193 et
671 149 872 193 fortassis
900 148 1096 205 nequior,
1126 147 1241 191 ultro
1375 163 1411 189 40

58 209 267 253 insectere
295 209 416 253 velut
442 209 596 252 melior
622 209 848 266 verbisque
875 208 1042 252 decoris

59 268 260 320 obvolvas
289 268 452 312 vitium
467 267 517 310 ?''
553 269 676 326 quid,
705 269 743 312 si
772 284 841 313 me
869 267 1048 312 stultior
1075 266 1172 325 ipso

0 332 3 354 ³
58 328 314 387 quingentis
341 334 488 386 empto
513 328 730 372 drachmis
754 328 1067 386 deprenderis?
1103 328 1231 371 aufer

59 403 128 432 me
151 388 274 435 voltu
297 394 480 442 terrei-03
511 404 691 432 manum
711 388 1070 445 stomachumque
1093 393 1252 439 tenet0,

58 447 179 501 dum,
208 463 320 505 quae
348 447 546 506 Crispini
572 447 723 493 docuit
748 464 818 492 me
844 447 1022 501 ianitor,
1051 447 1144 492 edo.
1377 463 1412 489 45

59 513 102 552 te
125 507 316 552 coniunx
338 508 483 552 aliena
503 508 634 565 capit,
658 508 933 552 meretricula
956 508 1153 552 Davom:

51 573 207 625 >peccat
238 574 336 612 uter
363 574 560 612 nostrum
585 583 711 612 cruce
737 568 955 625 dignius?
992 568 1103 612 acris
1132 567 1208 611 ubi
1239 582 1306 610 me

59 632 218 672 natura
244 627 452 681 intendit,
476 627 559 672 sub
584 627 700 672 clara
725 628 844 672 nuda
868 628 1045 672 lucerna

58 702 355 745 quaecumque
380 687 552 745 excepit
576 687 794 745 turgentis
817 688 994 732 verbera
1017 688 1179 732 caudae

59 747 262 792 clunibus
293 754 371 792 aut
399 747 588 805 agitavit
617 763 773 805 equom
802 747 963 792 lasciva
992 748 1215 805 supinum,
1378 763 1415 790 50

59 807 252 851 dimittit
280 823 420 865 neque
445 808 665 852 famosum
692 823 830 865 neque
857 807 1096 852 sollicitum
1123 824 1176 851 ne

59 867 197 911 ditior
221 874 300 911 aut
321 868 491 912 formae
512 867 706 911 melioris
729 867 864 911 meiat
886 868 1049 911 eodem.

61 933 110 971 tu
140 943 240 972 cum
268 927 475 985 proiectis
502 927 766 985 insignibus,
797 928 928 972 anulo
957 927 1147 985 equestri

60 988 346 1044 Romanoque
374 987 543 1041 habitu,
569 988 719 1045 prodis
744 1004 797 1032 ex
823 988 968 1032 iudice
994 989 1152 1041 Dama,

60 1047 204 1105 turpis
231 1048 461 1092 odoratum
485 1054 616 1106 caput
641 1048 896 1092 obscurante
922 1048 1106 1101 lacerna,
1379 1065 1415 1091 55

60 1121 149 1152 non
173 1123 217 1152 es
239 1107 357 1165 quod
381 1107 596 1152 simulas?
638 1114 834 1152 metuens
858 1108 1078 1152 induceris
1103 1115 1233 1166 atque

61 1167 297 1212 altercante
327 1167 590 1212 libidinibus
619 1168 771 1212 tremis
800 1183 893 1212 ossa
921 1184 1091 1226 pavore.

60 1227 169 1285 quid
195 1228 346 1280 refert,
372 1228 442 1272 uri
463 1228 601 1285 virgis
625 1228 828 1285 ferroque
852 1229 996 1272 necari

61 1294 311 1332 auctoratus
343 1303 428 1340 eas,
459 1303 516 1332 an
545 1288 667 1345 turpi
698 1289 868 1332 clausus
898 1289 947 1333 in
976 1305 1088 1342 arca,

59 1363 146 1405 quo
175 1354 219 1392 te
247 1348 425 1392 demisit
453 1348 619 1405 peccati
648 1349 818 1392 conscia
846 1349 981 1402 erilis,
1377 1365 1412 1392 60

61 1414 332 1452 contractum
356 1408 542 1466 genibus
566 1414 722 1466 tangas
748 1410 914 1466 caput?
951 1416 1070 1454 estne
1096 1410 1256 1453 marito

60 1475 285 1512 matronae
315 1468 533 1526 peccantis
562 1469 611 1513 in
638 1469 767 1513 ambo
796 1470 913 1513 iusta
941 1476 1145 1527 potestas,

61 1528 111 1573 in
138 1534 434 1586 corruptorem
458 1529 527 1572 vel
552 1529 745 1573 iustior?
779 1529 859 1573 illa
884 1535 1031 1574 tamen
1058 1546 1100 1574 se

62 1603 149 1633 non
181 1588 337 1632 habitu
367 1595 561 1633 mutatve
591 1589 685 1633 loco
715 1596 914 1646 peccatve
943 1606 1142 1647 superne,

61 1664 160 1692 cum
179 1654 222 1692 te
239 1648 454 1693 formidet
470 1649 628 1693 mulier
646 1665 784 1706 neque
803 1650 949 1694 credat
967 1651 1147 1694 amanti.
1382 1667 1416 1694 65

61 1708 148 1752 ibis
175 1707 256 1752 sub
281 1708 454 1752 furcam
479 1709 669 1766 prudens
694 1709 958 1767 dominoque
983 1711 1153 1754 furenti

62 1768 293 1812 conmittes
309 1784 400 1812 rem
415 1783 588 1813 omnem
599 1775 645 1812 et
658 1769 798 1813 vitam
814 1776 856 1813 et
872 1786 970 1814 cum
983 1786 1162 1828 corpore
1179 1771 1361 1815 famam.

153 1862 283 1910 (9213
375 1862 507 1911 ΘιΦ

157 1945 208 1982 42
234 1945 316 1993 ipso
341 1947 382 1983 F
383 1949 422 1991 λ,
446 1947 528 1994 ipso
553 1948 618 1984 Ea
702 1947 753 1985 45
780 1948 933 1994 crispini
958 1949 1007 1997 Q
1023 1949 1074 1997 Θ
1093 1950 1229 1996 Porph.
1251 1951 1292 1994 (i.
1313 1950 1421 1987 schol.

60 1997 96 2031 Γ
105 1994 172 2040 V),
203 1994 424 2042 c(h)rysippi
455 1996 495 2032 21
632 1995 683 2032 48
714 1996 880 2032 intendit
909 1997 959 2044 Q
981 1997 1032 2045 Θ
1063 1998 1221 2043 Βῑανιά.,
1251 1998 1423 2034 incendit

65 2042 170 2079 Goth.
191 2054 214 2083 ς
286 2043 390 2079 nuda
418 2043 573 2080 lucerna.
596 2044 663 2093 Θ,
699 2044 852 2081 lucerna
882 2045 984 2080 nuda.
1009 2046 1049 2081 E
1156 2044 1207 2082 49
1234 2047 1421 2092 turgentis

61 2090 250 2137 (tufientis
269 2091 323 2138 E)
402 2093 438 2135 λ,
463 2093 633 2140 urgentis
659 2094 717 2130 Fl
798 2093 849 2129 53
875 2093 931 2129 Tu
958 2105 1041 2130 cum
1061 2094 1152 2141 Q2,
1178 2093 1230 2130 Te
1256 2105 1341 2130 cum
1366 2095 1424 2131 Fz

62 2138 114 2175 55
147 2138 300 2176 lacerna
415 2141 522 2178 schol.
547 2142 635 2186 PV,
668 2141 821 2178 lucerna
854 2142 914 2178 El
1034 2141 1083 2178 52
1121 2142 1339 2178 Altercante
1372 2143 1423 2199 Θ

61 2187 170 2224 schol.
198 2187 284 2232 PV,
319 2189 350 2223 A
367 2189 611 2226 tercandente
643 2190 699 2234 E,
733 2189 954 2226 Alternante
989 2189 1094 2227 Goth.
1193 2190 1245 2226 60
1270 2191 1424 2227 demisit

61 2235 148 2283 Ql,
179 2234 324 2272 dimisit
351 2236 412 2272 Fa.
503 2237 649 2273 dimisit
678 2250 715 2284 p.
742 2251 771 2274 c.
799 2237 902 2274 erilis
926 2238 993 2286 Θ,
1026 2239 1174 2284 peccati
1200 2250 1230 2275 c.
1251 2250 1283 2274 c.
1303 2239 1423 2275 demi-

62 2284 114 2319 sit
149 2283 190 2319 Ε
332 2284 381 2321 61
418 2284 688 2333 Contractusm)
721 2286 770 2334 Q
792 2286 860 2334 Θ,
895 2285 1137 2322 Contractum
1171 2289 1215 2322 ut
1248 2288 1288 2322 zl
1315 2287 1421 2324 Goth.

62 2330 113 2367 62
139 2330 251 2368 ambo
275 2332 324 2380 Q
347 2332 415 2381 Θ,
441 2333 571 2370 ambos
597 2334 637 2371 21
733 2333 785 2370 ⁶4
810 2336 991 2380 peceatue
1016 2335 1101 2382 Ql,
1126 2336 1333 2381 peccatque
1359 2336 1423 2372 Fa.

1139 2395 1205 2430 16*
