1586 2514
186 103 244 147 64
677 103 823 141 GARM.
848 105 883 140 H
903 109 958 142 14.
981 108 1036 142 16.

398 202 567 246 frustra
594 209 774 247 cruento
803 208 942 246 marte
968 203 1210 249 carebimus

396 260 637 319 fractisque
664 262 786 306 rauci
813 262 1029 306 fluctibus
1056 262 1265 316 Hadriae,

187 335 220 362 ιο
450 321 617 365 frustra
640 336 718 378 per
741 327 974 365 autumes
997 328 1222 367 nocentem

502 380 755 437 corporibus
780 386 1022 425 metuemus
1046 387 1266 426 austrum:

395 462 599 506 visendus
624 469 718 507 ater
742 463 932 507 flumine
956 463 1168 520 languido

398 521 584 578 Cocytos
611 538 758 566 errans
784 528 829 566 et
855 522 1001 566 Danai
1027 538 1165 580 genus

449 581 619 624 infame
645 581 963 638 damnatusque
988 582 1110 639 longi

185 653 221 681 20
505 639 721 698 Sisyphus
750 641 959 685 Aeolides
985 641 1159 686 laboris.

397 722 635 780 linquenda
657 723 786 768 tellus
808 729 852 767 et
871 723 1025 773 domus
1046 730 1089 768 et
1109 723 1283 782 placens

398 797 507 826 uxor
534 798 674 840 neque
698 783 853 851 harum
879 798 986 840 quas
1012 783 1118 828 colis
1144 784 1347 830 arborum

450 847 492 885 te
521 848 693 899 praeter
720 842 884 887 invisas
912 857 1131 899 cupressos

505 901 595 946 ulla
623 902 795 946 brevem
822 902 1051 946 dominum
1076 908 1291 959 sequetur.

185 998 220 1025 25
396 984 596 1028 absumet
617 985 738 1028 heres
760 984 958 1029 Caecuba
979 984 1158 1042 dignior

395 1049 565 1087 servata
590 1050 765 1088 centum
790 1043 984 1088 clavibus
1009 1050 1052 1087 et
1078 1059 1195 1088 mero

450 1103 627 1160 tinguet
655 1104 955 1159 pavimentum
982 1104 1181 1160 superbo,

503 1162 773 1219 pontificum
792 1163 960 1219 potiore
979 1162 1107 1206 cenis.

806 1351 907 1395 XV.

397 1434 494 1478 Iam
517 1450 655 1491 pauca
678 1440 823 1478 aratro
847 1434 1000 1491 iugera
1023 1435 1168 1491 regiae

396 1494 529 1537 moles
559 1494 821 1550 relinquent,
853 1493 1046 1550 undique
1075 1494 1209 1539 latius

448 1559 624 1597 extenta
643 1553 838 1597 visentur
858 1552 1050 1597 Lucrino

500 1618 658 1669 stagna
686 1613 783 1656 lacu
811 1612 1099 1670 platanusque
1127 1613 1293 1658 caelebs

200 1711 218 1737 ε
395 1696 563 1739 evincet
585 1695 748 1748 ulmos3
779 1701 874 1739 tum
895 1695 1078 1739 violaria
1100 1701 1143 1740 et

396 1761 566 1811 myrtus
594 1760 639 1798 et
665 1754 807 1798 omnis
834 1755 959 1811 copia
986 1755 1159 1799 narium

446 1819 656 1872 spargent
688 1813 860 1857 olivetis
892 1814 1066 1857 odorem

510 1873 736 1917 fertilibus
756 1873 932 1916 domino
952 1874 1103 1929 priori,

274 1978 343 2025 ὧι
361 1978 550 2014 ABDE
642 1977 714 2025 ay:
727 1978 820 2012 ΒΦ

276 2070 325 2108 14
349 2072 452 2108 rauci
476 2073 525 2120 Q)
541 2072 600 2120 (ᾧ,
626 2071 750 2107 raucis
775 2072 890 2108 ΑΒπ
917 2073 1044 2108 lemma
1069 2073 1202 2118 Porph.
1321 2071 1372 2108 28
1396 2082 1466 2108 nec
1489 2073 1527 2108 te

179 2121 330 2166 praeter
352 2120 511 2156 invisam
535 2131 752 2166 cupressum
772 2121 855 2164 (sic)
874 2140 922 2146 —
941 2121 1115 2165 sequetur
1132 2121 1175 2156 ob
1197 2130 1403 2166 cupressum
1421 2119 1528 2164 affert

179 2167 276 2204 Sem.
296 2167 387 2204 Aen.
408 2169 443 2211 3,
457 2170 505 2204 64
600 2166 650 2203 27
677 2167 836 2213 superbo
860 2166 969 2214 ῶρῇ
988 2167 1159 2212 (Bland.)
1179 2167 1329 2213 Pamph„
1346 2165 1528 2213 superbus

179 2215 324 2298 Βανιῗὸ
349 2263 605 2299 commatum
628 2267 708 2299 erat
730 2263 772 2298 in
795 2263 988 2308 archetypo
1012 2262 1046 2299 ei
1062 2262 1221 2298 camini
1237 2262 1334 2308 quod
1351 2262 1527 2299 antecedit

181 2312 299 2354 (testes
316 2311 420 2347 hodie
438 2310 610 2347 ABER
623 2310 796 2355 (Bland)
816 2310 982 2354 metrici),
1001 2313 1042 2345 at
1057 2321 1191 2346 novwm
1208 2310 1366 2355 meipso-e
1382 2320 1528 2345 carmen

178 2358 328 2395 docebat
351 2359 570 2405 Povphyrio,
594 2358 680 2394 inde
702 2362 912 2403 separatum
936 2359 977 2393 in
1004 2357 1082 2392 ΒΦ
1100 2358 1262 2403 probant
1284 2356 1386 2394 tituli
