1586 2514
197 110 253 153 66
453 127 455 129 ·
727 111 872 146 CARM.
898 112 932 147 II
952 115 1006 148 16.

356 208 520 251 vivitur
544 223 677 264 parvo
700 208 809 252 bene
830 210 900 252 cui
925 215 1154 265 paternum

353 267 554 323 splendet
580 267 629 310 in
656 283 801 312 mensa
829 269 950 311 tenui
979 268 1167 312 salinum

200 341 232 366 15
356 341 433 369 nec
462 325 568 369 levis
597 340 767 374 somnos
795 327 927 370 timor
956 333 1033 370 aut
1061 328 1219 384 cupido

406 384 610 428 sordidus
632 385 792 428 aufert.

354 467 464 523 quid
492 466 611 510 brevi
639 468 775 511 fortes
801 468 1042 511 iaculamur
1068 484 1170 512 aevo

356 526 530 570 multa?
564 527 672 583 quid
697 533 832 570 terras
857 527 946 570 alio
971 527 1150 572 calentis

354 584 443 628 sole
474 586 728 630 mutamus?
767 586 935 642 patriae
965 587 1064 643 quis
1094 587 1215 632 exsul

198 659 233 686 20
408 659 453 687 se
479 660 649 701 quoque
676 645 834 702 fugit?

354 727 526 770 scandit
551 733 718 771 aeratas
741 727 898 770 vitiosa
924 729 1045 771 navis

358 785 474 828 Cura
500 801 577 829 nec
603 791 768 829 turmas
793 787 990 842 equitum
1016 788 1225 849 relinquit

355 844 472 886 ocior
501 844 635 887 cervis
664 850 708 887 et
735 851 890 901 agente
917 846 1087 889 nimbos

410 903 525 946 ocior
557 904 688 946 Euro.

198 999 231 1026 25
357 985 496 1028 laetus
524 986 573 1028 in
601 1001 799 1041 praesens
827 987 999 1030 animus
1027 987 1143 1043 quod
1173 987 1288 1030 ultra
1316 995 1378 1031 est

357 1044 498 1087 oderit
523 1059 673 1087 curare
695 1050 738 1087 et
761 1060 908 1088 amara
931 1046 1047 1089 lento

357 1109 568 1159 temperet
594 1103 709 1146 risu:
743 1104 856 1147 nihil
881 1111 945 1148 est
971 1105 1024 1148 ab
1052 1105 1170 1148 omni

408 1168 531 1218 parte
555 1162 743 1205 beatum.

356 1244 540 1287 abstulit
571 1244 736 1287 clarum
769 1245 854 1288 cita
886 1261 1000 1289 mors
1030 1246 1264 1298 Achillem,

199 1318 233 1344 30
357 1303 489 1360 longa
514 1303 754 1346 Tithonum
777 1305 940 1348 minuit
961 1311 1156 1348 senectus

357 1370 399 1405 et
425 1362 535 1405 mihi
560 1362 711 1405 forsan
734 1363 817 1406 tibi
842 1365 957 1420 quod
982 1364 1154 1421 negarit

409 1422 604 1477 porriget
637 1421 752 1465 hora.

357 1511 398 1546 te
422 1519 574 1560 greges
596 1510 768 1547 centum
793 1505 1048 1561 Siculaeque
1069 1506 1231 1548 circum

357 1563 565 1619 mugiunt
587 1578 750 1615 vaccae,
777 1563 861 1607 tibi
886 1564 1005 1607 tollit
1029 1564 1251 1607 hinnitum

199 1637 232 1662 35
357 1628 460 1677 apta
483 1621 710 1678 quadrigis
734 1638 856 1679 equa,
882 1629 923 1666 te
948 1623 1014 1666 bis
1037 1624 1156 1666 Afro

409 1680 574 1723 murice
600 1681 761 1724 tinctae

355 1763 550 1805 vestiunt
572 1762 719 1806 lanae:
751 1763 862 1805 mihi
885 1779 1017 1819 parva
1042 1779 1142 1806 rura
1167 1770 1209 1807 et

355 1821 563 1877 spiritum
587 1821 747 1865 Graiae
770 1827 943 1864 tenuem
967 1822 1180 1866 Camenae

359 1879 497 1923 Parca
522 1895 608 1923 non
634 1880 818 1923 mendax
844 1880 967 1923 dedit
992 1887 1035 1923 et
1061 1882 1303 1938 malignum

202 1953 235 1979 40
409 1954 609 1995 spernere
631 1939 797 1994 volgus.

293 2077 361 2122 ζῇ-
376 2078 570 2113 ABDE
663 2077 733 2124 {91
749 2078 842 2112 ΒΦ
867 2079 924 2122 (=
944 2080 1067 2124 Fan)

297 2159 344 2194 13
375 2162 569 2204 paternum
594 2161 642 2207 Q)
659 2161 709 2207 Q}
732 2161 880 2205 Porph„
909 2163 1065 2206 paterno
1090 2163 1160 2198 Fu
1280 2161 1330 2198 15
1361 2173 1430 2198 nec
1456 2165 1538 2208 (sic)

200 2206 335 2252 cupido
362 2227 404 2233 -—
432 2207 555 2242 aufert
578 2209 621 2244 ob
646 2218 753 2243 masc.
780 2208 914 2252 cupido
936 2209 1032 2245 Serv.
1053 2210 1144 2245 Aen.
1165 2211 1288 2252 5,122
1382 2209 1433 2246 20
1458 2211 1537 2258 [ζῶε

202 2254 411 2300 REM-a]
519 2255 570 2290 26
595 2254 827 2290 amarulenta
851 2256 1045 2293 Francken
1152 2237 1200 2291 27'
1227 2257 1367 2293 Ancon.
1394 2261 1477 2302 196,
1491 2261 1541 2294 52

201 2313 324 2337 versus
356 2301 502 2336 Horati:
534 2301 584 2336 nil
619 2303 677 2337 est
706 2302 753 2337 ab
779 2303 879 2338 omni
910 2305 1016 2348 parte
1045 2304 1197 2338 beatum
1317 2303 1370 2339 80
1399 2306 1443 2341 ob
1467 2317 1540 2341 rem

201 2349 295 2384 Serv.
323 2349 413 2383 Aen.
434 2351 468 2391 4,
482 2351 554 2385 585
648 2349 696 2384 81
723 2349 848 2385 forsan
871 2350 920 2397 (D
936 2350 996 2398 Θ,
1022 2351 1138 2386 forset
1163 2352 1194 2386 Φ
