1586 2514
177 70 265 113 232
730 70 871 107 SERM.
897 71 929 106 11
948 74 981 107 4.

232 169 450 226 flagitat
436 185 653 213 inmorsus
675 169 818 221 refici,
840 170 952 227 quin
975 170 1121 214 omnia
1143 169 1272 214 malit

229 244 524 285 quaecumque
546 229 771 272 inmundis
792 230 964 272 servent
985 229 1132 273 adlata
1153 229 1341 286 popinis.

230 293 295 330 est
316 302 469 344 operae
489 288 681 344 pretium
702 288 891 344 duplicis
911 304 1160 345 pernoscere
1179 287 1290 332 iuris

231 352 454 390 naturam.
481 347 668 404 simplex
694 363 716 391 e
741 347 860 390 dulci
886 353 1054 391 constat
1078 347 1206 399 olivo,

178 421 211 447 65
230 406 346 462 quod
376 406 534 463 pingui
563 407 740 450 miscere
769 421 886 450 mero
914 407 1140 463 muriaque
1167 405 1338 450 decebit

231 480 316 508 non
343 465 431 508 alia
456 481 588 522 quam
614 481 701 522 qua
728 465 947 521 Byzantia
971 466 1121 522 putuit
1147 480 1257 509 orca.

231 524 308 566 hoc
338 524 414 567 ubi
443 525 674 567 confusum
703 525 831 567 sectis
857 524 1076 568 inferbuit
1102 524 1247 568 herbis

230 583 502 639 Corycioque
533 598 653 627 croco
681 599 879 640 sparsum
910 583 1255 640 stetit‚‚insuper
1284 583 1416 627 addes
1448 602 1452 605 ·

230 658 374 699 pressa
398 642 674 686 Venafranae
696 642 812 699 quod
839 642 945 686 baca
968 642 1137 686 remisit
1161 642 1311 686 olivae.

178 717 212 744 το
232 702 406 745 Picenis
434 702 593 746 cedunt
618 702 759 759 pomis
788 702 995 746 Tiburtia
1019 717 1144 746 suco:

230 777 330 804 nam
361 762 478 805 facie
507 767 741 818 praestant.
782 762 993 805 venucula
1021 761 1223 805 convenit
1253 761 1375 815 ollis;

229 820 387 863 rectius
415 820 636 864 Albanam
662 821 790 864 fumo
815 821 1037 864 duraveris
1063 837 1204 865 uvam.

230 880 338 923 hanc
370 895 450 936 ego
481 895 579 923 cum
611 880 752 931 malis,
784 895 864 936 ego
896 881 1060 924 faecem
1092 880 1260 936 primus
1291 885 1336 923 et
1365 880 1516 932 hallec,

228 939 396 995 primus
422 945 465 982 et
487 939 685 982 invenior
709 939 834 995 piper
857 940 1005 983 album
1029 955 1126 983 cum
1151 939 1239 983 sale
1263 939 1391 996 nigro

177 1014 210 1040 75
229 999 444 1041 incretum
467 999 588 1055 puris
610 999 964 1055 circumposuisse
987 998 1160 1042 catillis.

228 1058 402 1101 inmane
425 1064 489 1101 est
510 1058 669 1101 vitium
692 1058 794 1101 dare
816 1057 941 1101 milia
963 1064 1084 1101 terna
1107 1058 1287 1102 macello

227 1123 498 1173 angustoque
529 1126 660 1173 vagos
690 1117 821 1173 piscis
853 1133 1006 1173 urgere
1036 1117 1193 1161 catino.

229 1191 388 1232 magna
415 1182 557 1218 movet
581 1175 800 1219 stomacho
828 1176 1012 1219 fastidia
1037 1191 1112 1219 seu
1137 1191 1245 1233 puer
1271 1176 1414 1220 unctis

228 1235 432 1278 tractavit
452 1235 628 1278 calicem
647 1235 861 1287 manibus,
883 1235 988 1279 dum
1007 1235 1130 1279 furta
1148 1234 1341 1292 ligurrit,

174 1310 209 1336 80
227 1295 316 1338 sive
343 1295 488 1350 gravis
514 1294 648 1338 veteri
675 1300 863 1338 craterae
888 1294 1020 1338 limus
1045 1294 1254 1338 adhaesit.

227 1354 424 1397 vilibus
413 1370 460 1397 111
481 1354 634 1411 scopis,
659 1353 707 1397 in
729 1353 913 1410 mappis,
936 1354 984 1397 in
1006 1353 1129 1398 scobe
1151 1359 1340 1411 quantus

227 1413 427 1456 consistit
454 1419 679 1470 sumptus.
669 1414 688 1445 Ῥ
724 1413 932 1469 neglectis
961 1412 1191 1470 flagitium
1218 1412 1385 1470 ingens.

227 1479 300 1516 ten
323 1472 490 1529 lapides
511 1472 654 1516 varios
676 1472 896 1516 lutulenta
916 1472 1065 1517 radere
1087 1469 1234 1530 palma

227 1538 270 1574 et
293 1532 451 1588 Tyrias
471 1532 573 1575 dare
596 1532 758 1576 circum
778 1531 924 1576 inluta
943 1531 1101 1576 1018118
1120 1531 1265 1585 vestis,

174 1607 208 1634 86
228 1591 429 1643 oblitum,
458 1597 623 1648 quanto
650 1606 797 1635 curam
824 1597 1133 1649 sumptumque
1160 1591 1371 1636 minorem

228 1651 328 1694 haec
361 1651 561 1702 habeant,
594 1656 718 1695 tanto
748 1650 1004 1708 reprehendi
1034 1650 1193 1696 iustius
1222 1650 1327 1704 illis,

226 1726 335 1767 quae
368 1710 453 1754 nisi
485 1710 698 1754 divitibus
729 1716 946 1767 nequeant
975 1709 1225 1767 contingere
1254 1710 1414 1755 mensis
1429 1710 1464 1752 ?'

227 1769 363 1813 ‘docte
394 1770 510 1821 Cati,
541 1785 617 1826 per
646 1769 888 1813 amicitiam
917 1769 1125 1826 divosque
1153 1775 1333 1826 rogatus

227 1829 380 1872 ducere
409 1844 475 1872 me
501 1829 717 1880 auditum,
746 1844 898 1885 perges
924 1844 1205 1885 quocumque,
1234 1834 1462 1873 memento.

173 1903 209 1930 eo
229 1904 329 1931 nam
353 1888 551 1944 quamvis
575 1888 756 1931 memori
782 1888 945 1931 referas
970 1887 1079 1931 mihi
1103 1893 1272 1944 pectore
1296 1893 1463 1941 cuncta,

265 1968 485 2015 ῶεαΒΕ
577 1967 708 2016 ΘεΦ

267 2038 320 2075 66
340 2050 415 2085 qua
429 2040 506 2084 (sed
518 2052 542 2075 a
554 2039 589 2074 1)
607 2040 754 2084 incerti)
766 2039 825 2086 Q),
846 2050 942 2084 quae
959 2041 990 2074 Φ
1050 2038 1101 2075 68
1121 2038 1237 2074 addes
1254 2039 1314 2086 Q),
1333 2039 1475 2076 addens
1492 2043 1523 2076 Φ

175 2087 216 2123 71
242 2086 430 2122 uenucula
449 2099 482 2131 ς
495 2086 776 2131 uennuncula(—
779 2086 891 2122 ucula
903 2088 956 2132 21)
969 2086 1079 2135 (DQ
1141 2086 1187 2122 73
1202 2097 1272 2133 ego
1284 2086 1428 2132 primus
1440 2087 1522 2124 face

172 2146 240 2171 nec
256 2136 338 2178 (sic)
356 2134 450 2170 allec
465 2134 626 2181 [miscui]
641 2135 683 2170 ob
702 2133 824 2170 hallec
837 2135 945 2179 affert
957 2135 1055 2171 Non.
1063 2146 1105 2181 p.
1117 2137 1200 2178 120,
1210 2138 1234 2170 6
1292 2133 1365 2170 74
1353 2135 1524 2172 muenior

172 2182 681 2231 (DQBland.schol.1⁷p.
704 2185 869 2227 167,10,
900 2182 1031 2218 inueni
1056 2194 1110 2222 ας
1133 2182 1239 2219 schol.
1262 2184 1522 2228 Pp.167,16

176 2230 223 2266 78
253 2231 381 2266 mouet
408 2232 456 2273 Φ,
487 2230 641 2266 1110110111
663 2229 903 2277 <9180
934 2232 1099 2266 craterae
1181 2230 1238 2273 21,
1269 2231 1453 2266 creterrae
1484 2232 1525 2267 F

174 2279 313 2314 Bland.
321 2278 354 2323 ¹;
385 2279 427 2322 cf
450 2289 560 2314 carm
582 2280 696 2322 3,18‚
717 2280 740 2313 7
837 2277 887 2314 83
913 2277 1101 2313 lutulenta
1178 2279 1213 2319 λ,
1251 2276 1442 2314 luculenta
1465 2279 1522 2315 Fe

177 2324 227 2363 84
253 2325 374 2364 inluta
397 2327 461 2376 ᾧ,
488 2325 607 2364 inlota
634 2328 665 2364 Φ
755 2325 807 2363 90
832 2326 875 2364 ob
900 2325 1053 2364 memori
1079 2326 1191 2364 Prisc.
1208 2328 1242 2369 7,
1257 2327 1318 2370 78,
1340 2337 1376 2374 p.
1397 2329 1479 2371 354,
1498 2330 1520 2365 5
