1586 2514
488 554 945 623 EPODON

627 699 800 742 LIBER

701 818 739 863 Ι.

253 905 347 949 Ibis
366 904 578 948 Liburnis
597 904 713 948 inter
733 903 823 947 alta
843 901 1036 953 navium,

305 964 456 1016 amice,
485 963 830 1021 propugnacula,

252 1029 431 1081 paratus
460 1037 589 1067 omne
622 1022 821 1066 Caesaris
853 1020 1098 1078 perieulum

303 1083 466 1135 subire,
492 1082 738 1133 Maecenas,
767 1087 868 1125 tuo:

251 1142 362 1200 quid
391 1158 481 1195 nos,
513 1142 673 1199 quibus
702 1148 745 1184 te
773 1141 867 1184 vita
895 1140 954 1183 sit
984 1138 1218 1195 superstite
1380 1153 1399 1180 5

306 1202 512 1254 iucunda,
536 1202 577 1245 si
602 1207 766 1253 contra,
794 1199 975 1258 gravis?

256 1268 460 1306 utrumne
487 1261 596 1306 iussi
626 1275 933 1318 persequemur
962 1259 1103 1302 otium

308 1337 396 1366 non
418 1321 558 1374 dulce,
583 1321 632 1365 ni
659 1326 802 1364 tecum
826 1319 974 1371 simul,

254 1398 311 1426 an
335 1382 448 1426 hunc
473 1381 667 1425 laborem
692 1385 836 1423 mente
861 1378 1012 1430 laturi,
1040 1379 1161 1422 decet

306 1457 395 1499 qua
417 1441 534 1484 serre
559 1456 647 1484 non
672 1439 818 1483 mollis
842 1439 994 1482 viros?
1365 1451 1402 1480 ιο

254 1502 447 1553 feremus
469 1506 513 1544 et
535 1506 577 1544 te
598 1500 668 1543 vel
690 1515 767 1556 per
789 1498 979 1555 Alpium
1003 1498 1110 1554 iuga

307 1560 619 1617 inhospitalem
649 1566 693 1603 et
724 1559 968 1602 Caucasum

263 1620 333 1664 vel
356 1620 593 1684 occidentis
619 1635 754 1676 usque
779 1618 834 1662 ad
860 1618 1069 1661 ultimum
1094 1617 1239 1660 sinum

310 1679 421 1723 forti
446 1695 679 1736 sequemur
706 1685 890 1735 pectore.

256 1754 395 1796 roges,
425 1744 546 1782 tuom
576 1739 723 1782 labore
752 1738 860 1795 quid
890 1737 1036 1780 iuvem
1066 1752 1174 1788 meo,
1366 1752 1403 1778 15

310 1798 487 1842 inbellis
514 1813 563 1842 ac
590 1798 754 1842 firmus
782 1797 974 1854 parum?

257 1873 398 1902 comes
424 1858 593 1902 minore
619 1873 716 1901 sum
743 1858 924 1901 futurus
951 1856 999 1900 in
1027 1863 1160 1908 metu,

308 1917 388 1974 qui
420 1917 560 1961 maior
590 1917 782 1961 absentis
812 1916 967 1960 habet:

139 2035 315 2083 (DzAB
410 2034 593 2083 &Ro

143 2141 281 2179 EPOD.
309 2143 347 2188 1,
375 2143 397 2179 1
424 2142 633 2190 KD:AB]
750 2141 770 2177 1
796 2145 941 2186 praeter
970 2142 1135 2178 metricos
1165 2140 1328 2187 afferqmt
1361 2139 1406 2174 ob

47 2191 239 2228 Liburnae
273 2191 356 2227 Isia
391 2191 482 2236 θήρ.
511 2193 568 2234 19,
596 2194 634 2235 1,
660 2193 708 2226 12
741 2189 847 2226 schol.
875 2190 1020 2225 Lucan.
1047 2191 1082 2232 3,
1103 2189 1175 2223 534
1295 2186 1320 2225 5
1355 2187 1407 2222 sit

46 2238 180 2283 Aldus,
205 2238 239 2275 si
261 2239 312 2287 (D
333 2238 386 2287 Θ
409 2239 544 2284 Pamph.
652 2238 703 2274 10
730 2236 812 2281 Qua
834 2238 883 2285 ᾧ
906 2237 973 2285 Θ,
1000 2236 1119 2279 Quem
1146 2237 1178 2271 Φ
1201 2235 1308 2271 schol.
1330 2235 1410 2271 AV

50 2285 98 2322 15
129 2285 260 2322 labore
292 2286 518 2331 Glareanus,
552 2286 718 2322 laborem
742 2286 792 2333 Q)
813 2285 865 2334 Θ
974 2284 1022 2320 17
1057 2295 1139 2319 sum
1163 2283 1212 2330 Q)
1234 2282 1301 2330 Θ,
1333 2282 1405 2318 sim

46 2333 98 2370 N.
119 2335 301 2371 Heinsius
323 2339 358 2371 et
380 2335 536 2380 fortasse
559 2335 635 2370 iam
661 2335 793 2380 Porph.
