<?xml version="1.0" encoding="UTF-8"?>
<!DOCTYPE html PUBLIC "-//W3C//DTD XHTML 1.0 Transitional//EN"
    "http://www.w3.org/TR/xhtml1/DTD/xhtml1-transitional.dtd">
<html xmlns="http://www.w3.org/1999/xhtml" xml:lang="en" lang="en">
 <head>
  <title>
</title>
<meta http-equiv="Content-Type" content="text/html;charset=utf-8" />
  <meta name='ocr-system' content='tesseract 3.04.00' />
  <meta name='ocr-capabilities' content='ocr_page ocr_carea ocr_par ocr_line ocrx_word'/>
</head>
<body>
  <div class='ocr_page' id='page_1' title='image "./carminah00horauoft_0259.png"; bbox 0 0 1586 2514; ppageno 0'>
   <div class='ocr_carea' id='block_1_1' title="bbox 616 67 1426 110">
    <p class='ocr_par' dir='ltr' id='par_1_1' title="bbox 616 67 1426 110">
     <span class='ocr_line' id='line_1_1' title="bbox 616 67 1426 110; baseline 0.007 -6"><span class='ocrx_word' id='word_1_1' title='bbox 616 68 759 105; x_wconf 73' lang='lat' dir='ltr'><strong>SERM.</strong></span> <span class='ocrx_word' id='word_1_2' title='bbox 782 68 818 104; x_wconf 94' lang='lat'>11</span> <span class='ocrx_word' id='word_1_3' title='bbox 837 72 871 105; x_wconf 89' lang='grc'>8.</span> <span class='ocrx_word' id='word_1_4' title='bbox 1340 67 1426 110; x_wconf 79' lang='grc'>247</span> 
     </span>
    </p>
   </div>
   <div class='ocr_carea' id='block_1_2' title="bbox 4 167 1422 1845">
    <p class='ocr_par' dir='ltr' id='par_1_2' title="bbox 4 167 1422 645">
     <span class='ocr_line' id='line_1_2' title="bbox 68 167 1119 224; baseline -0.003 -11"><span class='ocrx_word' id='word_1_5' title='bbox 68 167 281 213; x_wconf 86' lang='lat' dir='ltr'>ridiculus</span> <span class='ocrx_word' id='word_1_6' title='bbox 310 173 425 212; x_wconf 87' lang='lat' dir='ltr'>totas</span> <span class='ocrx_word' id='word_1_7' title='bbox 452 168 586 213; x_wconf 87' lang='lat' dir='ltr'>semel</span> <span class='ocrx_word' id='word_1_8' title='bbox 614 167 843 212; x_wconf 89' lang='lat' dir='ltr'>absorbere</span> <span class='ocrx_word' id='word_1_9' title='bbox 875 167 1119 224; x_wconf 79' lang='lat' dir='ltr'>placentas3</span> 
     </span>
     <span class='ocr_line' id='line_1_3' title="bbox 67 226 1422 285; baseline -0.003 -12"><span class='ocrx_word' id='word_1_10' title='bbox 67 229 370 273; x_wconf 83' lang='lat' dir='ltr'><strong>Nomentanus</strong></span> <span class='ocrx_word' id='word_1_11' title='bbox 388 228 444 272; x_wconf 90' lang='lat' dir='ltr'>ad</span> <span class='ocrx_word' id='word_1_12' title='bbox 462 228 555 280; x_wconf 90' lang='lat' dir='ltr'>hoc,</span> <span class='ocrx_word' id='word_1_13' title='bbox 573 228 666 285; x_wconf 83' lang='lat' dir='ltr'>qui,</span> <span class='ocrx_word' id='word_1_14' title='bbox 685 227 832 285; x_wconf 83' lang='lat' dir='ltr'>siquid</span> <span class='ocrx_word' id='word_1_15' title='bbox 851 227 968 271; x_wconf 80' lang='lat' dir='ltr'>forte</span> <span class='ocrx_word' id='word_1_16' title='bbox 986 226 1154 279; x_wconf 88' lang='lat' dir='ltr'>lateret,</span> <span class='ocrx_word' id='word_1_17' title='bbox 1387 242 1422 269; x_wconf 84' lang='lat'>25</span> 
     </span>
     <span class='ocr_line' id='line_1_4' title="bbox 65 287 1179 345; baseline -0.001 -13"><span class='ocrx_word' id='word_1_18' title='bbox 65 287 210 332; x_wconf 90' lang='lat' dir='ltr'>indice</span> <span class='ocrx_word' id='word_1_19' title='bbox 241 293 504 332; x_wconf 85' lang='lat' dir='ltr'>monstraret</span> <span class='ocrx_word' id='word_1_20' title='bbox 530 288 700 345; x_wconf 87' lang='lat' dir='ltr'>digito:</span> <span class='ocrx_word' id='word_1_21' title='bbox 735 303 838 331; x_wconf 88' lang='lat' dir='ltr'>nam</span> <span class='ocrx_word' id='word_1_22' title='bbox 867 293 1006 330; x_wconf 89' lang='lat' dir='ltr'>cetera</span> <span class='ocrx_word' id='word_1_23' title='bbox 1035 287 1179 338; x_wconf 89' lang='lat' dir='ltr'>turba,</span> 
     </span>
     <span class='ocr_line' id='line_1_5' title="bbox 14 346 1182 405; baseline -0.003 -13"><span class='ocrx_word' id='word_1_24' title='bbox 14 375 16 379; x_wconf 38' lang='grc' dir='ltr'><em>ν</em></span> <span class='ocrx_word' id='word_1_25' title='bbox 66 363 157 401; x_wconf 88' lang='lat' dir='ltr'>nos,</span> <span class='ocrx_word' id='word_1_26' title='bbox 184 347 381 405; x_wconf 88' lang='lat' dir='ltr'>inquam,</span> <span class='ocrx_word' id='word_1_27' title='bbox 408 363 611 392; x_wconf 79' lang='lat' dir='ltr'><strong>cenamus</strong></span> <span class='ocrx_word' id='word_1_28' title='bbox 633 348 741 400; x_wconf 87' lang='lat' dir='ltr'>avis,</span> <span class='ocrx_word' id='word_1_29' title='bbox 768 347 1009 404; x_wconf 83' lang='lat' dir='ltr'>conchylia,</span> <span class='ocrx_word' id='word_1_30' title='bbox 1036 346 1182 404; x_wconf 87' lang='lat' dir='ltr'>piscis,</span> 
     </span>
     <span class='ocr_line' id='line_1_6' title="bbox 65 407 1003 466; baseline -0.002 -14"><span class='ocrx_word' id='word_1_31' title='bbox 65 407 195 466; x_wconf 88' lang='lat' dir='ltr'>longe</span> <span class='ocrx_word' id='word_1_32' title='bbox 216 407 480 452; x_wconf 80' lang='lat' dir='ltr'>dissimilem</span> <span class='ocrx_word' id='word_1_33' title='bbox 502 413 606 452; x_wconf 90' lang='lat' dir='ltr'>noto</span> <span class='ocrx_word' id='word_1_34' title='bbox 628 407 815 452; x_wconf 81' lang='lat' dir='ltr'>celantia</span> <span class='ocrx_word' id='word_1_35' title='bbox 838 422 1003 459; x_wconf 89' lang='lat' dir='ltr'>sucum,</span> 
     </span>
     <span class='ocr_line' id='line_1_7' title="bbox 66 467 1128 525; baseline -0.001 -13"><span class='ocrx_word' id='word_1_36' title='bbox 66 473 116 512; x_wconf 89' lang='lat' dir='ltr'>ut</span> <span class='ocrx_word' id='word_1_37' title='bbox 142 467 212 512; x_wconf 89' lang='lat' dir='ltr'>vel</span> <span class='ocrx_word' id='word_1_38' title='bbox 237 467 446 512; x_wconf 90' lang='lat' dir='ltr'>continuo</span> <span class='ocrx_word' id='word_1_39' title='bbox 472 468 632 525; x_wconf 86' lang='lat' dir='ltr'>patuit,</span> <span class='ocrx_word' id='word_1_40' title='bbox 661 483 759 512; x_wconf 90' lang='lat' dir='ltr'>cum</span> <span class='ocrx_word' id='word_1_41' title='bbox 785 467 971 525; x_wconf 88' lang='lat' dir='ltr'>passeris</span> <span class='ocrx_word' id='word_1_42' title='bbox 997 473 1128 524; x_wconf 88' lang='lat' dir='ltr'>atque</span> 
     </span>
     <span class='ocr_line' id='line_1_8' title="bbox 63 527 1422 586; baseline -0.002 -14"><span class='ocrx_word' id='word_1_43' title='bbox 63 528 292 586; x_wconf 76' lang='lat' dir='ltr'>ingustata</span> <span class='ocrx_word' id='word_1_44' title='bbox 317 528 429 571; x_wconf 89' lang='lat' dir='ltr'>mihi</span> <span class='ocrx_word' id='word_1_45' title='bbox 452 533 704 586; x_wconf 83' lang='lat' dir='ltr'>porrexerat</span> <span class='ocrx_word' id='word_1_46' title='bbox 726 527 807 571; x_wconf 89' lang='lat' dir='ltr'>ilia</span> <span class='ocrx_word' id='word_1_47' title='bbox 830 527 1017 571; x_wconf 91' lang='lat' dir='ltr'>rhombi.</span> <span class='ocrx_word' id='word_1_48' title='bbox 1386 543 1422 569; x_wconf 88' lang='lat'>30</span> 
     </span>
     <span class='ocr_line' id='line_1_9' title="bbox 4 587 1229 645; baseline -0.001 -13"><span class='ocrx_word' id='word_1_49' title='bbox 4 639 6 641; x_wconf 66' lang='lat'>‚</span> <span class='ocrx_word' id='word_1_50' title='bbox 63 593 162 645; x_wconf 92' lang='lat' dir='ltr'>post</span> <span class='ocrx_word' id='word_1_51' title='bbox 193 587 273 632; x_wconf 91' lang='lat' dir='ltr'>hoc</span> <span class='ocrx_word' id='word_1_52' title='bbox 303 603 372 631; x_wconf 90' lang='lat' dir='ltr'>me</span> <span class='ocrx_word' id='word_1_53' title='bbox 399 587 553 632; x_wconf 90' lang='lat' dir='ltr'>docuit</span> <span class='ocrx_word' id='word_1_54' title='bbox 582 587 802 631; x_wconf 90' lang='lat' dir='ltr'>melimela</span> <span class='ocrx_word' id='word_1_55' title='bbox 832 587 986 631; x_wconf 88' lang='lat' dir='ltr'>rubere</span> <span class='ocrx_word' id='word_1_56' title='bbox 1016 587 1229 631; x_wconf 81' lang='lat' dir='ltr'>minorem</span> 
     </span>
    </p>

    <p class='ocr_par' dir='ltr' id='par_1_3' title="bbox 57 647 1419 1845">
     <span class='ocr_line' id='line_1_10' title="bbox 59 647 1119 705; baseline 0.001 -14"><span class='ocrx_word' id='word_1_57' title='bbox 59 647 119 691; x_wconf 76' lang='lat' dir='ltr'>vad</span> <span class='ocrx_word' id='word_1_58' title='bbox 137 647 290 692; x_wconf 88' lang='lat' dir='ltr'>lunam</span> <span class='ocrx_word' id='word_1_59' title='bbox 307 647 486 692; x_wconf 86' lang='lat' dir='ltr'>delecta.</span> <span class='ocrx_word' id='word_1_60' title='bbox 515 647 624 705; x_wconf 91' lang='lat' dir='ltr'>quid</span> <span class='ocrx_word' id='word_1_61' title='bbox 642 647 722 691; x_wconf 90' lang='lat' dir='ltr'>hoc</span> <span class='ocrx_word' id='word_1_62' title='bbox 740 647 929 700; x_wconf 86' lang='lat' dir='ltr'>intersit,</span> <span class='ocrx_word' id='word_1_63' title='bbox 949 647 1036 691; x_wconf 90' lang='lat' dir='ltr'>ab</span> <span class='ocrx_word' id='word_1_64' title='bbox 1023 662 1119 704; x_wconf 90' lang='lat' dir='ltr'>1pso</span> 
     </span>
     <span class='ocr_line' id='line_1_11' title="bbox 63 707 1095 752; baseline -0.001 0"><span class='ocrx_word' id='word_1_65' title='bbox 63 707 257 752; x_wconf 85' lang='lat' dir='ltr'>audieris</span> <span class='ocrx_word' id='word_1_66' title='bbox 288 707 458 752; x_wconf 89' lang='lat' dir='ltr'>melius.</span> <span class='ocrx_word' id='word_1_67' title='bbox 500 714 595 752; x_wconf 89' lang='lat' dir='ltr'>tum</span> <span class='ocrx_word' id='word_1_68' title='bbox 625 707 832 752; x_wconf 89' lang='lat' dir='ltr'>Vibidius</span> <span class='ocrx_word' id='word_1_69' title='bbox 865 708 1095 751; x_wconf 84' lang='lat' dir='ltr'>Balatroni</span> 
     </span>
     <span class='ocr_line' id='line_1_12' title="bbox 63 767 1232 820; baseline -0.001 -9"><span class='ocrx_word' id='word_1_70' title='bbox 63 767 168 811; x_wconf 75' lang='lat' dir='ltr'>“nos</span> <span class='ocrx_word' id='word_1_71' title='bbox 197 767 285 812; x_wconf 90' lang='lat' dir='ltr'>nisi</span> <span class='ocrx_word' id='word_1_72' title='bbox 311 768 519 812; x_wconf 89' lang='lat' dir='ltr'>damnose</span> <span class='ocrx_word' id='word_1_73' title='bbox 547 767 754 820; x_wconf 89' lang='lat' dir='ltr'>bibimus,</span> <span class='ocrx_word' id='word_1_74' title='bbox 785 768 1023 812; x_wconf 90' lang='lat' dir='ltr'>moriemur</span> <span class='ocrx_word' id='word_1_75' title='bbox 1050 767 1232 820; x_wconf 91' lang='lat' dir='ltr'>inulti,&#39;&#39;</span> 
     </span>
     <span class='ocr_line' id='line_1_13' title="bbox 63 827 1419 885; baseline -0.001 -14"><span class='ocrx_word' id='word_1_76' title='bbox 63 833 106 871; x_wconf 91' lang='lat' dir='ltr'>et</span> <span class='ocrx_word' id='word_1_77' title='bbox 129 827 283 872; x_wconf 84' lang='lat' dir='ltr'>calices</span> <span class='ocrx_word' id='word_1_78' title='bbox 303 828 445 885; x_wconf 91' lang='lat' dir='ltr'>poscit</span> <span class='ocrx_word' id='word_1_79' title='bbox 465 828 662 872; x_wconf 87' lang='lat' dir='ltr'>maiores.</span> <span class='ocrx_word' id='word_1_80' title='bbox 693 833 859 872; x_wconf 88' lang='lat' dir='ltr'>vertere</span> <span class='ocrx_word' id='word_1_81' title='bbox 880 828 1022 885; x_wconf 80' lang='lat' dir='ltr'>pallor</span> <span class='ocrx_word' id='word_1_82' title='bbox 1384 843 1419 870; x_wconf 82' lang='lat'>35</span> 
     </span>
     <span class='ocr_line' id='line_1_14' title="bbox 63 886 1223 945; baseline -0.001 -14"><span class='ocrx_word' id='word_1_83' title='bbox 63 892 159 931; x_wconf 95' lang='lat' dir='ltr'>tum</span> <span class='ocrx_word' id='word_1_84' title='bbox 188 887 368 945; x_wconf 90' lang='lat' dir='ltr'>parochi</span> <span class='ocrx_word' id='word_1_85' title='bbox 396 888 558 932; x_wconf 75' lang='lat' dir='ltr'>faciem</span> <span class='ocrx_word' id='word_1_86' title='bbox 586 888 652 931; x_wconf 91' lang='lat' dir='ltr'>nil</span> <span class='ocrx_word' id='word_1_87' title='bbox 677 887 740 931; x_wconf 90' lang='lat' dir='ltr'>sic</span> <span class='ocrx_word' id='word_1_88' title='bbox 768 887 1005 931; x_wconf 89' lang='lat' dir='ltr'>metuentis</span> <span class='ocrx_word' id='word_1_89' title='bbox 1034 893 1084 931; x_wconf 92' lang='lat' dir='ltr'>ut</span> <span class='ocrx_word' id='word_1_90' title='bbox 1109 886 1223 931; x_wconf 88' lang='lat' dir='ltr'>acris</span> 
     </span>
     <span class='ocr_line' id='line_1_15' title="bbox 61 946 1059 1005; baseline -0.001 -14"><span class='ocrx_word' id='word_1_91' title='bbox 61 953 248 1004; x_wconf 84' lang='lat' dir='ltr'>potores,</span> <span class='ocrx_word' id='word_1_92' title='bbox 271 947 341 991; x_wconf 87' lang='lat' dir='ltr'>vel</span> <span class='ocrx_word' id='word_1_93' title='bbox 359 947 477 1005; x_wconf 92' lang='lat' dir='ltr'>quod</span> <span class='ocrx_word' id='word_1_94' title='bbox 498 947 768 991; x_wconf 89' lang='lat' dir='ltr'>maledicunt</span> <span class='ocrx_word' id='word_1_95' title='bbox 787 947 970 991; x_wconf 89' lang='lat' dir='ltr'>liberius</span> <span class='ocrx_word' id='word_1_96' title='bbox 991 946 1059 991; x_wconf 89' lang='lat' dir='ltr'>vel</span> 
     </span>
     <span class='ocr_line' id='line_1_16' title="bbox 61 1007 1224 1065; baseline 0 -15"><span class='ocrx_word' id='word_1_97' title='bbox 61 1007 236 1051; x_wconf 83' lang='lat' dir='ltr'>fervida</span> <span class='ocrx_word' id='word_1_98' title='bbox 267 1007 385 1065; x_wconf 91' lang='lat' dir='ltr'>quod</span> <span class='ocrx_word' id='word_1_99' title='bbox 415 1007 579 1052; x_wconf 88' lang='lat' dir='ltr'>subtile</span> <span class='ocrx_word' id='word_1_100' title='bbox 610 1007 849 1051; x_wconf 87' lang='lat' dir='ltr'>exsurdant</span> <span class='ocrx_word' id='word_1_101' title='bbox 879 1008 981 1052; x_wconf 90' lang='lat' dir='ltr'>vina</span> <span class='ocrx_word' id='word_1_102' title='bbox 1012 1008 1224 1065; x_wconf 87' lang='lat' dir='ltr'>palatum.</span> 
     </span>
     <span class='ocr_line' id='line_1_17' title="bbox 61 1067 846 1112; baseline 0 -1"><span class='ocrx_word' id='word_1_103' title='bbox 61 1067 289 1111; x_wconf 88' lang='lat' dir='ltr'>invertunt</span> <span class='ocrx_word' id='word_1_104' title='bbox 314 1067 534 1112; x_wconf 78' lang='lat' dir='ltr'>Allifanis</span> <span class='ocrx_word' id='word_1_105' title='bbox 557 1067 730 1112; x_wconf 90' lang='lat' dir='ltr'>vinaria</span> <span class='ocrx_word' id='word_1_106' title='bbox 752 1074 846 1111; x_wconf 87' lang='lat' dir='ltr'>tota</span> 
     </span>
     <span class='ocr_line' id='line_1_18' title="bbox 60 1126 1419 1185; baseline -0.001 -15"><span class='ocrx_word' id='word_1_107' title='bbox 60 1126 268 1171; x_wconf 85' lang='lat' dir='ltr'>Vibidius</span> <span class='ocrx_word' id='word_1_108' title='bbox 287 1127 567 1185; x_wconf 84' lang='lat' dir='ltr'>&#39;Balatroque</span> <span class='ocrx_word' id='word_1_109' title='bbox 596 1127 755 1172; x_wconf 89' lang='lat' dir='ltr'>secutis</span> <span class='ocrx_word' id='word_1_110' title='bbox 785 1127 1012 1171; x_wconf 88' lang='lat' dir='ltr'>omnibus:</span> <span class='ocrx_word' id='word_1_111' title='bbox 1049 1127 1131 1172; x_wconf 94' lang='lat' dir='ltr'>imi</span> <span class='ocrx_word' id='word_1_112' title='bbox 1383 1143 1419 1169; x_wconf 83' lang='lat'>40</span> 
     </span>
     <span class='ocr_line' id='line_1_19' title="bbox 61 1187 1049 1245; baseline 0.001 -15"><span class='ocrx_word' id='word_1_113' title='bbox 61 1187 266 1231; x_wconf 89' lang='lat' dir='ltr'>convivae</span> <span class='ocrx_word' id='word_1_114' title='bbox 292 1187 394 1231; x_wconf 91' lang='lat' dir='ltr'>lecti</span> <span class='ocrx_word' id='word_1_115' title='bbox 419 1187 609 1232; x_wconf 91' lang='lat' dir='ltr'>nihilum</span> <span class='ocrx_word' id='word_1_116' title='bbox 633 1203 815 1232; x_wconf 86' lang='lat' dir='ltr'>nocuere</span> <span class='ocrx_word' id='word_1_117' title='bbox 839 1187 1049 1245; x_wconf 89' lang='lat' dir='ltr'>lagoenis.</span> 
     </span>
     <span class='ocr_line' id='line_1_20' title="bbox 60 1246 1046 1304; baseline 0.001 -14"><span class='ocrx_word' id='word_1_118' title='bbox 60 1246 263 1290; x_wconf 81' lang='lat' dir='ltr'>adfertur</span> <span class='ocrx_word' id='word_1_119' title='bbox 289 1247 474 1304; x_wconf 90' lang='lat' dir='ltr'>squillas</span> <span class='ocrx_word' id='word_1_120' title='bbox 500 1247 617 1291; x_wconf 90' lang='lat' dir='ltr'>inter</span> <span class='ocrx_word' id='word_1_121' title='bbox 643 1263 823 1291; x_wconf 86' lang='lat' dir='ltr'>murena</span> <span class='ocrx_word' id='word_1_122' title='bbox 850 1247 1046 1292; x_wconf 88' lang='lat' dir='ltr'>natantis</span> 
     </span>
     <span class='ocr_line' id='line_1_21' title="bbox 59 1306 1364 1365; baseline 0.001 -15"><span class='ocrx_word' id='word_1_123' title='bbox 59 1306 110 1351; x_wconf 89' lang='lat' dir='ltr'>in</span> <span class='ocrx_word' id='word_1_124' title='bbox 129 1307 284 1364; x_wconf 86' lang='lat' dir='ltr'>patina</span> <span class='ocrx_word' id='word_1_125' title='bbox 302 1313 511 1365; x_wconf 88' lang='lat' dir='ltr'>porrecta.</span> <span class='ocrx_word' id='word_1_126' title='bbox 530 1307 613 1351; x_wconf 89' lang='lat' dir='ltr'>sub</span> <span class='ocrx_word' id='word_1_127' title='bbox 633 1307 713 1351; x_wconf 93' lang='lat' dir='ltr'>hoc</span> <span class='ocrx_word' id='word_1_128' title='bbox 733 1323 831 1351; x_wconf 91' lang='lat' dir='ltr'>erus</span> <span class='ocrx_word' id='word_1_129' title='bbox 851 1307 980 1352; x_wconf 73' lang='lat' dir='ltr'>“haec</span> <span class='ocrx_word' id='word_1_130' title='bbox 991 1307 1364 1365; x_wconf 84' lang='lat' dir='ltr'>gravida&#39;’inquit</span> 
     </span>
     <span class='ocr_line' id='line_1_22' title="bbox 60 1366 1226 1425; baseline 0.001 -15"><span class='ocrx_word' id='word_1_131' title='bbox 60 1366 215 1424; x_wconf 76' lang='lat' dir='ltr'>“capta</span> <span class='ocrx_word' id='word_1_132' title='bbox 245 1373 323 1420; x_wconf 88' lang='lat' dir='ltr'>est,</span> <span class='ocrx_word' id='word_1_133' title='bbox 351 1367 543 1412; x_wconf 86' lang='lat' dir='ltr'>deterior</span> <span class='ocrx_word' id='word_1_134' title='bbox 570 1373 669 1425; x_wconf 88' lang='lat' dir='ltr'>post</span> <span class='ocrx_word' id='word_1_135' title='bbox 697 1374 873 1425; x_wconf 86' lang='lat' dir='ltr'>partum</span> <span class='ocrx_word' id='word_1_136' title='bbox 902 1383 1029 1412; x_wconf 88' lang='lat' dir='ltr'>carne</span> <span class='ocrx_word' id='word_1_137' title='bbox 1058 1368 1226 1412; x_wconf 75' lang='lat' dir='ltr'>futura.</span> 
     </span>
     <span class='ocr_line' id='line_1_23' title="bbox 60 1426 1416 1485; baseline 0 -15"><span class='ocrx_word' id='word_1_138' title='bbox 60 1426 129 1470; x_wconf 89' lang='lat' dir='ltr'>his</span> <span class='ocrx_word' id='word_1_139' title='bbox 159 1427 351 1471; x_wconf 87' lang='lat' dir='ltr'>mixtum</span> <span class='ocrx_word' id='word_1_140' title='bbox 379 1427 449 1471; x_wconf 91' lang='lat' dir='ltr'>ius</span> <span class='ocrx_word' id='word_1_141' title='bbox 477 1433 565 1472; x_wconf 87' lang='lat' dir='ltr'>est:</span> <span class='ocrx_word' id='word_1_142' title='bbox 602 1428 710 1480; x_wconf 91' lang='lat' dir='ltr'>oleo,</span> <span class='ocrx_word' id='word_1_143' title='bbox 740 1427 856 1485; x_wconf 93' lang='lat' dir='ltr'>quod</span> <span class='ocrx_word' id='word_1_144' title='bbox 886 1428 1031 1485; x_wconf 89' lang='lat' dir='ltr'>prima</span> <span class='ocrx_word' id='word_1_145' title='bbox 1058 1427 1245 1471; x_wconf 83' lang='lat' dir='ltr'>Venafri</span> <span class='ocrx_word' id='word_1_146' title='bbox 1382 1444 1416 1470; x_wconf 82' lang='lat'>45</span> 
     </span>
     <span class='ocr_line' id='line_1_24' title="bbox 57 1486 1094 1545; baseline 0.001 -15"><span class='ocrx_word' id='word_1_147' title='bbox 57 1486 218 1544; x_wconf 88' lang='lat' dir='ltr'>pressit</span> <span class='ocrx_word' id='word_1_148' title='bbox 244 1487 375 1542; x_wconf 91' lang='lat' dir='ltr'>cella;</span> <span class='ocrx_word' id='word_1_149' title='bbox 407 1502 515 1545; x_wconf 86' lang='lat' dir='ltr'>garo</span> <span class='ocrx_word' id='word_1_150' title='bbox 536 1487 591 1531; x_wconf 91' lang='lat' dir='ltr'>de</span> <span class='ocrx_word' id='word_1_151' title='bbox 615 1488 729 1532; x_wconf 90' lang='lat' dir='ltr'>sucis</span> <span class='ocrx_word' id='word_1_152' title='bbox 753 1487 884 1545; x_wconf 90' lang='lat' dir='ltr'>piscis</span> <span class='ocrx_word' id='word_1_153' title='bbox 910 1487 1094 1542; x_wconf 89' lang='lat' dir='ltr'>Hiberi;</span> 
     </span>
     <span class='ocr_line' id='line_1_25' title="bbox 57 1546 1054 1604; baseline 0.001 -14"><span class='ocrx_word' id='word_1_154' title='bbox 57 1546 162 1590; x_wconf 90' lang='lat' dir='ltr'>vino</span> <span class='ocrx_word' id='word_1_155' title='bbox 184 1547 472 1604; x_wconf 87' lang='lat' dir='ltr'>quinquenni,</span> <span class='ocrx_word' id='word_1_156' title='bbox 493 1563 644 1591; x_wconf 90' lang='lat' dir='ltr'>verum</span> <span class='ocrx_word' id='word_1_157' title='bbox 665 1547 776 1591; x_wconf 89' lang='lat' dir='ltr'>citra</span> <span class='ocrx_word' id='word_1_158' title='bbox 797 1563 915 1591; x_wconf 89' lang='lat' dir='ltr'>mare</span> <span class='ocrx_word' id='word_1_159' title='bbox 936 1554 1054 1600; x_wconf 87' lang='lat' dir='ltr'>nato,</span> 
     </span>
     <span class='ocr_line' id='line_1_26' title="bbox 58 1605 1308 1664; baseline 0.001 -14"><span class='ocrx_word' id='word_1_160' title='bbox 58 1607 166 1651; x_wconf 92' lang='lat' dir='ltr'>dum</span> <span class='ocrx_word' id='word_1_161' title='bbox 198 1607 402 1664; x_wconf 90' lang='lat' dir='ltr'>coquitur</span> <span class='ocrx_word' id='word_1_162' title='bbox 436 1605 575 1663; x_wconf 91' lang='lat' dir='ltr'>(cocto</span> <span class='ocrx_word' id='word_1_163' title='bbox 607 1608 769 1652; x_wconf 88' lang='lat' dir='ltr'>Chium</span> <span class='ocrx_word' id='word_1_164' title='bbox 799 1608 862 1651; x_wconf 90' lang='lat' dir='ltr'>sic</span> <span class='ocrx_word' id='word_1_165' title='bbox 892 1608 1107 1660; x_wconf 88' lang='lat' dir='ltr'>convenit,</span> <span class='ocrx_word' id='word_1_166' title='bbox 1141 1614 1191 1652; x_wconf 91' lang='lat' dir='ltr'>ut</span> <span class='ocrx_word' id='word_1_167' title='bbox 1221 1624 1308 1652; x_wconf 90' lang='lat' dir='ltr'>non</span> 
     </span>
     <span class='ocr_line' id='line_1_27' title="bbox 59 1666 1360 1725; baseline 0.002 -15"><span class='ocrx_word' id='word_1_168' title='bbox 59 1666 139 1710; x_wconf 90' lang='lat' dir='ltr'>hoc</span> <span class='ocrx_word' id='word_1_169' title='bbox 163 1667 305 1724; x_wconf 89' lang='lat' dir='ltr'>magis</span> <span class='ocrx_word' id='word_1_170' title='bbox 327 1667 468 1711; x_wconf 90' lang='lat' dir='ltr'>ullum</span> <span class='ocrx_word' id='word_1_171' title='bbox 489 1667 659 1723; x_wconf 91' lang='lat' dir='ltr'>aliud)·</span> <span class='ocrx_word' id='word_1_172' title='bbox 651 1703 660 1721; x_wconf 95' lang='lat'>‚</span> <span class='ocrx_word' id='word_1_173' title='bbox 691 1668 841 1725; x_wconf 90' lang='lat' dir='ltr'>pipere</span> <span class='ocrx_word' id='word_1_174' title='bbox 862 1667 977 1720; x_wconf 87' lang='lat' dir='ltr'>albo,</span> <span class='ocrx_word' id='word_1_175' title='bbox 1001 1683 1089 1712; x_wconf 93' lang='lat' dir='ltr'>non</span> <span class='ocrx_word' id='word_1_176' title='bbox 1111 1668 1204 1712; x_wconf 90' lang='lat' dir='ltr'>sine</span> <span class='ocrx_word' id='word_1_177' title='bbox 1226 1675 1360 1719; x_wconf 89' lang='lat' dir='ltr'>aceto,</span> 
     </span>
     <span class='ocr_line' id='line_1_28' title="bbox 58 1726 1416 1783; baseline 0.001 -13"><span class='ocrx_word' id='word_1_178' title='bbox 58 1726 177 1783; x_wconf 91' lang='lat' dir='ltr'>quod</span> <span class='ocrx_word' id='word_1_179' title='bbox 202 1726 563 1783; x_wconf 83' lang='lat' dir='ltr'>Methymnaeam</span> <span class='ocrx_word' id='word_1_180' title='bbox 590 1728 701 1771; x_wconf 88' lang='lat' dir='ltr'>vitio</span> <span class='ocrx_word' id='word_1_181' title='bbox 729 1728 966 1772; x_wconf 85' lang='lat' dir='ltr'>mutaverit</span> <span class='ocrx_word' id='word_1_182' title='bbox 995 1744 1137 1776; x_wconf 86' lang='lat' dir='ltr'>uvam.</span> <span class='ocrx_word' id='word_1_183' title='bbox 1379 1744 1416 1771; x_wconf 86' lang='lat'>50</span> 
     </span>
     <span class='ocr_line' id='line_1_29' title="bbox 58 1786 1053 1845; baseline 0.002 -15"><span class='ocrx_word' id='word_1_184' title='bbox 58 1801 206 1830; x_wconf 87' lang='lat' dir='ltr'>erucas</span> <span class='ocrx_word' id='word_1_185' title='bbox 229 1786 400 1840; x_wconf 88' lang='lat' dir='ltr'>viridis,</span> <span class='ocrx_word' id='word_1_186' title='bbox 422 1787 573 1832; x_wconf 75' lang='lat' dir='ltr'>inulas</span> <span class='ocrx_word' id='word_1_187' title='bbox 589 1803 670 1845; x_wconf 90' lang='lat' dir='ltr'>ego</span> <span class='ocrx_word' id='word_1_188' title='bbox 692 1787 861 1845; x_wconf 88' lang='lat' dir='ltr'>primus</span> <span class='ocrx_word' id='word_1_189' title='bbox 882 1803 1053 1832; x_wconf 87' lang='lat' dir='ltr'>amaras</span> 
     </span>
    </p>
   </div>
   <div class='ocr_carea' id='block_1_3' title="bbox 149 1904 542 1954">
    <p class='ocr_par' dir='ltr' id='par_1_4' title="bbox 149 1904 542 1954">
     <span class='ocr_line' id='line_1_30' title="bbox 149 1904 542 1954; baseline 0 -13"><span class='ocrx_word' id='word_1_190' title='bbox 149 1904 319 1951; x_wconf 66' lang='lat'><em>&lt;9:013</em></span> <span class='ocrx_word' id='word_1_191' title='bbox 410 1905 542 1954; x_wconf 53' lang='grc' dir='ltr'>ΘΑ)</span> 
     </span>
    </p>
   </div>
   <div class='ocr_carea' id='block_1_4' title="bbox 55 2010 1418 2109">
    <p class='ocr_par' dir='ltr' id='par_1_5' title="bbox 55 2010 1418 2109">
     <span class='ocr_line' id='line_1_31' title="bbox 150 2010 1417 2063; baseline 0.002 -15"><span class='ocrx_word' id='word_1_192' title='bbox 150 2010 204 2048; x_wconf 74' lang='lat'>24</span> <span class='ocrx_word' id='word_1_193' title='bbox 228 2012 345 2049; x_wconf 81' lang='lat' dir='ltr'>semel</span> <span class='ocrx_word' id='word_1_194' title='bbox 374 2013 424 2061; x_wconf 99' lang='lat' dir='ltr'>Q</span> <span class='ocrx_word' id='word_1_195' title='bbox 439 2013 507 2062; x_wconf 83' lang='lat' dir='ltr'>Q,</span> <span class='ocrx_word' id='word_1_196' title='bbox 539 2013 650 2049; x_wconf 89' lang='lat' dir='ltr'>simul</span> <span class='ocrx_word' id='word_1_197' title='bbox 676 2014 740 2050; x_wconf 78' lang='grc' dir='ltr'>Ελ</span> <span class='ocrx_word' id='word_1_198' title='bbox 767 2015 941 2061; x_wconf 80' lang='grc' dir='ltr'>(Βῖαηά.)</span> <span class='ocrx_word' id='word_1_199' title='bbox 1059 2014 1259 2051; x_wconf 83' lang='lat' dir='ltr'>absorbere</span> <span class='ocrx_word' id='word_1_200' title='bbox 1283 2014 1332 2062; x_wconf 89' lang='lat' dir='ltr'>Q</span> <span class='ocrx_word' id='word_1_201' title='bbox 1354 2014 1417 2063; x_wconf 93' lang='grc' dir='ltr'>Θ</span> 
     </span>
     <span class='ocr_line' id='line_1_32' title="bbox 55 2057 1418 2109; baseline 0.004 -15"><span class='ocrx_word' id='word_1_202' title='bbox 55 2057 255 2102; x_wconf 80' lang='lat' dir='ltr'>obsorbere</span> <span class='ocrx_word' id='word_1_203' title='bbox 279 2063 330 2101; x_wconf 71' lang='grc' dir='ltr'>λς</span> <span class='ocrx_word' id='word_1_204' title='bbox 443 2063 508 2098; x_wconf 77' lang='lat'><strong>2¹).</strong></span> <span class='ocrx_word' id='word_1_205' title='bbox 528 2061 582 2098; x_wconf 80' lang='lat'>80</span> <span class='ocrx_word' id='word_1_206' title='bbox 605 2063 648 2099; x_wconf 90' lang='lat' dir='ltr'>ob</span> <span class='ocrx_word' id='word_1_207' title='bbox 674 2064 717 2097; x_wconf 78' lang='lat' dir='ltr'>ut</span> <span class='ocrx_word' id='word_1_208' title='bbox 742 2062 799 2098; x_wconf 90' lang='lat' dir='ltr'>vel</span> <span class='ocrx_word' id='word_1_209' title='bbox 819 2075 891 2109; x_wconf 76' lang='lat' dir='ltr'>pro</span> <span class='ocrx_word' id='word_1_210' title='bbox 916 2063 1020 2099; x_wconf 85' lang='lat' dir='ltr'>velut</span> <span class='ocrx_word' id='word_1_211' title='bbox 1045 2064 1156 2099; x_wconf 84' lang='lat' dir='ltr'>F&#39;lav.</span> <span class='ocrx_word' id='word_1_212' title='bbox 1182 2063 1311 2099; x_wconf 64' lang='lat' dir='ltr'>ilheod.</span> <span class='ocrx_word' id='word_1_213' title='bbox 1332 2066 1418 2099; x_wconf 81' lang='lat' dir='ltr'>ante</span> 
     </span>
    </p>
   </div>
   <div class='ocr_carea' id='block_1_5' title="bbox 47 2108 1417 2302">
    <p class='ocr_par' dir='ltr' id='par_1_6' title="bbox 54 2108 1415 2243">
     <span class='ocr_line' id='line_1_33' title="bbox 54 2108 1415 2206; baseline 0.001 -62"><span class='ocrx_word' id='word_1_214' title='bbox 54 2108 172 2144; x_wconf 71' lang='lat' dir='ltr'>Prisc.</span> <span class='ocrx_word' id='word_1_215' title='bbox 198 2111 300 2152; x_wconf 85' lang='grc'>17,1</span> <span class='ocrx_word' id='word_1_216' title='bbox 335 2112 484 2206; x_wconf 61' lang='grc' dir='ltr'>ρΘ107,</span> <span class='ocrx_word' id='word_1_217' title='bbox 502 2113 528 2146; x_wconf 85' lang='lat'><strong><em>2</em></strong></span> <span class='ocrx_word' id='word_1_218' title='bbox 672 2109 722 2146; x_wconf 82' lang='lat'>30</span> <span class='ocrx_word' id='word_1_219' title='bbox 753 2113 973 2156; x_wconf 85' lang='lat' dir='ltr'>porrexerat</span> <span class='ocrx_word' id='word_1_220' title='bbox 1003 2123 1025 2151; x_wconf 88' lang='grc' dir='ltr'><strong><em>ς</em></strong></span> <span class='ocrx_word' id='word_1_221' title='bbox 1058 2111 1208 2156; x_wconf 68' lang='lat' dir='ltr'>(zheod.</span> <span class='ocrx_word' id='word_1_222' title='bbox 1242 2111 1318 2147; x_wconf 82' lang='lat' dir='ltr'>cod.</span> <span class='ocrx_word' id='word_1_223' title='bbox 1345 2111 1415 2155; x_wconf 89' lang='lat' dir='ltr'>D),</span> 
     </span>
     <span class='ocr_line' id='line_1_34' title="bbox 54 2137 1404 2243; baseline 0.002 -52"><span class='ocrx_word' id='word_1_224' title='bbox 54 2156 262 2202; x_wconf 73' lang='lat' dir='ltr'>porrexerit</span> <span class='ocrx_word' id='word_1_225' title='bbox 287 2157 420 2241; x_wconf 87' lang='grc' dir='ltr'>Ε)Θ</span> <span class='ocrx_word' id='word_1_226' title='bbox 456 2137 600 2203; x_wconf 55' lang='lat' dir='ltr'>{Themi</span> <span class='ocrx_word' id='word_1_227' title='bbox 642 2158 719 2194; x_wconf 78' lang='lat' dir='ltr'>cod.</span> <span class='ocrx_word' id='word_1_228' title='bbox 752 2159 805 2204; x_wconf 86' lang='lat' dir='ltr'>R)</span> <span class='ocrx_word' id='word_1_229' title='bbox 951 2157 1002 2195; x_wconf 79' lang='lat'>34</span> <span class='ocrx_word' id='word_1_230' title='bbox 1039 2158 1240 2195; x_wconf 90' lang='lat' dir='ltr'>moriemur</span> <span class='ocrx_word' id='word_1_231' title='bbox 1248 2158 1404 2243; x_wconf 40' lang='lat' dir='ltr'>RQ</span> 
     </span>
    </p>

    <p class='ocr_par' dir='ltr' id='par_1_7' title="bbox 47 2160 1417 2302">
     <span class='ocr_line' id='line_1_35' title="bbox 52 2160 1417 2262; baseline 0.002 -23"><span class='ocrx_word' id='word_1_232' title='bbox 52 2203 256 2240; x_wconf 83' lang='lat' dir='ltr'>moriamur</span> <span class='ocrx_word' id='word_1_233' title='bbox 456 2160 521 2242; x_wconf 67' lang='lat'>(4⁰</span> <span class='ocrx_word' id='word_1_234' title='bbox 558 2206 626 2242; x_wconf 91' lang='lat' dir='ltr'>imi</span> <span class='ocrx_word' id='word_1_235' title='bbox 662 2206 712 2253; x_wconf 92' lang='lat' dir='ltr'>Q</span> <span class='ocrx_word' id='word_1_236' title='bbox 734 2207 786 2262; x_wconf 93' lang='lat' dir='ltr'>Q</span> <span class='ocrx_word' id='word_1_237' title='bbox 821 2207 1134 2254; x_wconf 76' lang='lat' dir='ltr'>Bland.1&gt;0rph</span> <span class='ocrx_word' id='word_1_238' title='bbox 1175 2208 1207 2252; x_wconf 85' lang='lat' dir='ltr'>(i</span> <span class='ocrx_word' id='word_1_239' title='bbox 1332 2207 1355 2241; x_wconf 86' lang='grc' dir='ltr'>Ζ.</span> <span class='ocrx_word' id='word_1_240' title='bbox 1381 2209 1417 2242; x_wconf 90' lang='grc' dir='ltr'><em>Γ</em></span> 
     </span>
     <span class='ocr_line' id='line_1_36' title="bbox 47 2253 1413 2302; baseline 0.002 -14"><span class='ocrx_word' id='word_1_241' title='bbox 47 2263 89 2298; x_wconf 81' lang='lat' dir='ltr'>p.</span> <span class='ocrx_word' id='word_1_242' title='bbox 113 2254 207 2297; x_wconf 77' lang='lat'><strong><em>201,</em></strong></span> <span class='ocrx_word' id='word_1_243' title='bbox 226 2255 309 2297; x_wconf 85' lang='lat'><strong><em>16),</em></strong></span> <span class='ocrx_word' id='word_1_244' title='bbox 341 2253 428 2289; x_wconf 89' lang='lat' dir='ltr'>imis</span> <span class='ocrx_word' id='word_1_245' title='bbox 455 2254 523 2291; x_wconf 83' lang='grc' dir='ltr'>ΟΦ</span> <span class='ocrx_word' id='word_1_246' title='bbox 667 2254 718 2291; x_wconf 80' lang='grc'>49</span> <span class='ocrx_word' id='word_1_247' title='bbox 749 2255 880 2302; x_wconf 87' lang='lat' dir='ltr'>pipere</span> <span class='ocrx_word' id='word_1_248' title='bbox 911 2254 1056 2292; x_wconf 86' lang='lat' dir='ltr'>hallece</span> <span class='ocrx_word' id='word_1_249' title='bbox 1088 2266 1163 2291; x_wconf 89' lang='lat' dir='ltr'>non·</span> <span class='ocrx_word' id='word_1_250' title='bbox 1195 2254 1275 2290; x_wconf 80' lang='lat' dir='ltr'>sine</span> <span class='ocrx_word' id='word_1_251' title='bbox 1306 2256 1413 2291; x_wconf 83' lang='lat' dir='ltr'>aceto</span> 
     </span>
    </p>
   </div>
   <div class='ocr_carea' id='block_1_6' title="bbox 53 2279 1426 2398">
    <p class='ocr_par' dir='ltr' id='par_1_8' title="bbox 53 2279 1426 2398">
     <span class='ocr_line' id='line_1_37' title="bbox 53 2279 1426 2351; baseline 0.002 -15"><span class='ocrx_word' id='word_1_252' title='bbox 53 2279 216 2345; x_wconf 57' lang='lat' dir='ltr'>afferun’t</span> <span class='ocrx_word' id='word_1_253' title='bbox 251 2301 445 2339; x_wconf 69' lang='lat' dir='ltr'>Prisciani</span> <span class='ocrx_word' id='word_1_254' title='bbox 479 2302 581 2339; x_wconf 81' lang='lat' dir='ltr'>codd.</span> <span class='ocrx_word' id='word_1_255' title='bbox 613 2308 697 2349; x_wconf 79' lang='lat' dir='ltr'>post</span> <span class='ocrx_word' id='word_1_256' title='bbox 723 2306 763 2347; x_wconf 89' lang='grc'>6,</span> <span class='ocrx_word' id='word_1_257' title='bbox 788 2306 837 2339; x_wconf 80' lang='lat'>20</span> <span class='ocrx_word' id='word_1_258' title='bbox 869 2306 1024 2350; x_wconf 80' lang='lat' dir='ltr'>p.213,</span> <span class='ocrx_word' id='word_1_259' title='bbox 1054 2306 1100 2340; x_wconf 89' lang='grc'>13</span> <span class='ocrx_word' id='word_1_260' title='bbox 1138 2304 1199 2348; x_wconf 81' lang='lat' dir='ltr'>(cf.</span> <span class='ocrx_word' id='word_1_261' title='bbox 1233 2302 1284 2339; x_wconf 84' lang='lat' dir='ltr'>ad</span> <span class='ocrx_word' id='word_1_262' title='bbox 1314 2314 1345 2339; x_wconf 84' lang='lat' dir='ltr'><em>v</em></span> <span class='ocrx_word' id='word_1_263' title='bbox 1372 2305 1426 2351; x_wconf 88' lang='lat'>9)-</span> 
     </span>
     <span class='ocr_line' id='line_1_38' title="bbox 55 2347 761 2398; baseline 0.003 -12"><span class='ocrx_word' id='word_1_264' title='bbox 55 2347 108 2386; x_wconf 76' lang='lat'>5⁰</span> <span class='ocrx_word' id='word_1_265' title='bbox 131 2348 338 2385; x_wconf 82' lang='lat' dir='ltr'>mutauerit</span> <span class='ocrx_word' id='word_1_266' title='bbox 360 2349 428 2398; x_wconf 91' lang='lat' dir='ltr'>Q,</span> <span class='ocrx_word' id='word_1_267' title='bbox 454 2350 659 2387; x_wconf 82' lang='lat' dir='ltr'>motauerit</span> <span class='ocrx_word' id='word_1_268' title='bbox 685 2351 761 2388; x_wconf 76' lang='lat' dir='ltr'>OE</span> 
     </span>
    </p>
   </div>
  </div>
 </body>
</html>
