1586 2514
176 126 264 168 214
719 123 859 160 SERM.
885 124 918 158 ΙΙ
943 129 977 160 2.

232 226 483 280 praesentes,
504 222 665 278 Austri,
685 225 852 278 coquite
876 222 1028 265 horum
1048 221 1234 264 obsonia.
1269 222 1523 278 quamquam

232 289 357 340 putet
381 298 484 340 aper
511 282 800 339 rhombusque
825 297 980 333 recens,
1008 282 1122 325 mala
1147 282 1270 339 copia
1295 281 1467 339 quando

233 358 412 400 aegrum
437 342 649 386 sollicitat
677 342 958 392 stomachum,
985 357 1084 385 cum
1111 341 1263 398 rapula
1290 340 1443 398 plenus

233 409 362 459 atque
386 402 530 446 acidas
557 401 720 445 mavolt
742 401 898 445 inulas.
942 400 1123 444 necdum
1147 401 1288 444 omnis
1318 400 1471 444 abacta

181 478 215 504 45
233 462 460 529 pauperies
487 461 627 518 epulis
655 475 830 517 regum:
863 476 963 503 nam
988 460 1150 504 vilibus
1174 459 1265 504 ovis

235 521 459 578 nigrisque
492 526 556 564 est
589 520 694 563 oleis
725 519 852 563 hodie
883 520 1014 563 locus.
1057 519 1172 563 haud
1204 519 1269 563 ita
1299 518 1468 576 pridem

235 580 414 624 Galloni
444 580 666 636 praeconis
697 585 790 622 erat
816 579 1059 646 acipensere
1086 594 1232 622 mensa

236 640 432 683 infamis.
469 639 612 696 quid?
641 644 743 682 tunc
770 638 969 682 rhombos
996 639 1140 682 minus
1165 653 1323 695 aequor
1349 606 1524 681 alebat?

237 705 358 743 tutus
386 705 479 742 erat
508 698 713 742 rhombus
741 704 920 755 tutoque
949 698 1114 741 ciconia
1142 698 1259 749 nido,

184 774 221 802 50
239 759 372 802 donee
400 773 473 802 vos
504 763 654 802 auctor
681 758 831 801 docuit
858 758 1112 814 praetorius.
1161 772 1263 813 ergo

236 818 376 875 siquis
397 833 510 861 nunc
534 832 704 874 mergos
724 817 866 861 suavis
887 817 1074 860 edixerit
1094 831 1223 868 assos,

239 877 410 934 parebit
441 877 563 934 pravi
596 876 749 920 docilis
780 877 977 920 Romana
1008 876 1222 919 iuventus.
1256 900 1310 904 --

235 937 438 980 sordidus
465 952 490 980 a
520 936 641 979 tenui
669 936 787 979 victu
815 935 1006 979 distabat
1034 935 1183 978 Ofello

237 996 406 1040 iudice:
442 1011 543 1039 nam
574 996 740 1038 frustra
767 995 925 1038 vitium
955 994 1158 1038 vitaveris
1187 993 1312 1046 illud,

185 1072 220 1098 55
238 1055 275 1099 si
304 1061 347 1098 te
376 1055 464 1098 alio
491 1069 668 1111 pravom
697 1054 936 1098 detorseris.
976 1053 1263 1105 Aufiffienus,

239 1115 309 1158 cui
341 1114 474 1158 Canis
505 1129 557 1157 ex
586 1129 686 1157 vero
715 1114 880 1157 dictum
909 1128 1146 1170 cognomen
1176 1112 1392 1164 adhaeret,

239 1174 532 1230 quinquennis
566 1174 679 1216 oleas
713 1179 776 1216 est
807 1179 850 1216 et
881 1172 1095 1216 silvestria
1127 1187 1257 1215 corna

240 1248 288 1277 ac
310 1233 396 1276 nisi
422 1238 639 1276 mutatum
662 1232 802 1288 parcit
824 1232 1062 1275 defundere
1082 1231 1233 1275 vinum
1255 1236 1299 1274 et

240 1293 362 1336 cuius
394 1292 567 1335 odorem
601 1292 683 1335 olei
715 1307 899 1347 nequeas
930 1291 1134 1347 perferre,
1172 1289 1341 1345 (licebit

188 1352 316 1395 soille
342 1352 524 1408 repotia,
553 1351 711 1394 natalis
736 1350 894 1394 aliosve
920 1350 1089 1393 dierum

240 1412 375 1455 festos
406 1411 578 1454 albatus
610 1409 813 1464 celebret)
848 1425 979 1452 cornu
1011 1409 1103 1465 ipse
1136 1409 1285 1451 bilibri

241 1470 436 1513 caulibus
467 1470 669 1521 instillat,
702 1469 858 1512 veteris
889 1484 973 1511 non
1005 1484 1157 1524 parcus
1187 1467 1310 1511 aceti.

241 1530 362 1586 quali
390 1529 529 1585 igitur
557 1529 675 1571 victu
701 1528 872 1584 sapiens
899 1533 1046 1571 utetur
1071 1533 1114 1570 et
1141 1527 1293 1570 horum

244 1595 390 1632 utrum
413 1588 696 1631 imitabitur?
722 1588 798 1630 hac
822 1594 947 1644 urget
969 1587 1110 1643 lupus,
1135 1587 1213 1629 hac
1235 1586 1366 1637 canis,
1389 1586 1525 1629 aiunt.

189 1664 223 1691 65
243 1648 429 1691 mundus
454 1648 550 1699 erit,
577 1663 662 1703 qua
686 1662 771 1690 non
795 1647 1000 1689 offendat
1022 1646 1219 1689 sordibus
1242 1652 1370 1702 atque

243 1707 291 1751 in
312 1713 510 1750 neutram
532 1712 699 1763 partem
721 1705 862 1749 cultus
886 1706 1026 1749 miser.
1060 1705 1128 1747 hic
1150 1719 1286 1761 neque
1306 1704 1437 1748 servis

281 1811 499 1858 &.aDE
591 1809 722 1857 &w

283 1904 331 1941 41
365 1915 590 1950 quamquam
620 1905 683 1952 Θ
722 1904 893 1949 quamuis
927 1906 958 1939 Φ
1083 1902 1131 1939 47
1165 1902 1378 1948 acipensere
1411 1902 1460 1949 Q
1482 1901 1533 1949 Q

189 1954 289 1998 Porp
290 1954 337 1996 h„
362 1952 549 1997 accipiens
569 1963 630 1988 ere
649 1952 720 1988 aE
735 1952 952 1988 scholiorum
970 1951 1072 1988 codd.
1139 1948 1190 1986 48
1214 1952 1305 1985 tuno
1372 1949 1479 1993 tum
1503 1951 1533 1984 Φ

189 2011 328 2046 aequor
352 1999 544 2047 alebatQ
496 1999 612 2055 QQ
631 1999 818 2044 (Blandq)
843 2009 1007 2043 aequora
1031 1997 1185 2033 alebant
1209 1998 1251 2034 E
1353 1977 1380 2032 0'
1405 1997 1533 2032 auctor

188 2049 236 2095 Q
259 2048 310 2095 Q
335 2047 485 2083 ‘uictor'
513 2048 651 2093 legitur
677 2048 714 2082 et
740 2047 899 2082 ‘auctor’
928 2047 988 2082 Ps.
1016 2046 1151 2092 Porph.
1235 2043 1286 2080 48
1311 2044 1445 2081 abhinc
1467 2055 1532 2079 no-

189 2107 271 2131 vam
290 2097 445 2140 ecloqam
466 2096 653 2139 incipiunt
671 2095 740 2134 Βς
760 2095 820 2130 Pe.
842 2095 942 2139 Porp
943 2095 975 2129 h.
1149 2094 1185 2136 λ,
1217 2103 1261 2127 ac
1285 2092 1344 2128 ΓΙ
1414 2090 1532 2126 dista-

131 2144 132 2147 ’
189 2143 257 2178 bat
279 2143 328 2189 Q
345 2142 395 2189 Q
420 2142 593 2186 (Bland.)
620 2144 666 2186 ef.
686 2154 717 2177 v.
736 2144 762 2177 2
786 2141 993 2187 praecepit;
1023 2141 1122 2176 dista
1150 2140 1181 2175 it
1206 2151 1228 2179 ς
1301 2138 1350 2175 55
1376 2149 1533 2184 prauum

189 2191 237 2237 Q
306 2201 478 2235 prauus
504 2201 525 2228 ς
608 2189 824 2224 Aufidianus
850 2200 884 2232 ς,
909 2188 1104 2224 auidienus
1193 2187 1244 2234 Θ
1267 2187 1534 2232 Porphyrionis

192 2238 292 2274 cod
319 2241 446 2273 contra
471 2242 621 2273 metrum
735 2236 787 2272 56
812 2236 954 2271 dictum
977 2236 1026 2282 Θ
1042 2235 1107 2282 Θ,
1159 2237 1286 2269 uotum
1313 2233 1486 2278 (Bland.)
1512 2244 1533 2272 ς

114 2313 116 2315 .
191 2285 242 2320 58
267 2284 469 2319 defundere
493 2285 541 2331 Θ
567 2285 725 2328 Bland„
756 2283 910 2319 fundere
939 2285 969 2318 Φ
1087 2281 1138 2318 59
1163 2281 1236 2318 olei
1261 2281 1352 2328 Θλ,
1378 2280 1454 2316 olet
1479 2280 1518 2315 F
1525 2281 1536 2315 l

191 2333 242 2367 60
267 2332 412 2377 repotia
430 2332 478 2378 Θ
499 2333 643 2377 Porph„
662 2332 827 2377 reportia
848 2333 879 2366 Φ
897 2330 1165 2376 Porphyrionis
1182 2328 1283 2365 codd.
1357 2326 1408 2363 64
1428 2327 1534 2363 aiunt

190 2380 239 2426 Q
255 2379 305 2427 Q
330 2379 515 2424 (Blandq)
541 2379 647 2425 angit
672 2391 693 2419 ς
767 2377 989 2426 θὸζᾳιιαζΘ
1014 2377 1164 2420 Beana„
1189 2376 1254 2421 qui
1282 2377 1313 2410 Φ
