<?xml version="1.0" encoding="UTF-8"?>
<!DOCTYPE html PUBLIC "-//W3C//DTD XHTML 1.0 Transitional//EN"
    "http://www.w3.org/TR/xhtml1/DTD/xhtml1-transitional.dtd">
<html xmlns="http://www.w3.org/1999/xhtml" xml:lang="en" lang="en">
 <head>
  <title>
</title>
<meta http-equiv="Content-Type" content="text/html;charset=utf-8" />
  <meta name='ocr-system' content='tesseract 3.04.00' />
  <meta name='ocr-capabilities' content='ocr_page ocr_carea ocr_par ocr_line ocrx_word'/>
</head>
<body>
  <div class='ocr_page' id='page_1' title='image "./carminah00horauoft_0119.png"; bbox 0 0 1586 2514; ppageno 0'>
   <div class='ocr_carea' id='block_1_1' title="bbox 573 93 1437 139">
    <p class='ocr_par' dir='ltr' id='par_1_1' title="bbox 573 93 1437 139">
     <span class='ocr_line' id='line_1_1' title="bbox 573 93 1437 139; baseline 0.001 -9"><span class='ocrx_word' id='word_1_1' title='bbox 573 93 719 131; x_wconf 78' lang='lat' dir='ltr'>GARM.</span> <span class='ocrx_word' id='word_1_2' title='bbox 745 93 798 130; x_wconf 92' lang='lat'><strong>111</strong></span> <span class='ocrx_word' id='word_1_3' title='bbox 817 97 873 130; x_wconf 78' lang='lat'><strong>25.</strong></span> <span class='ocrx_word' id='word_1_4' title='bbox 894 98 951 130; x_wconf 77' lang='lat'><strong>26.</strong></span> <span class='ocrx_word' id='word_1_5' title='bbox 1353 95 1437 139; x_wconf 69' lang='lat'><strong>107</strong></span> 
     </span>
    </p>
   </div>
   <div class='ocr_carea' id='block_1_2' title="bbox 133 192 1438 310">
    <p class='ocr_par' dir='ltr' id='par_1_2' title="bbox 133 192 1438 310">
     <span class='ocr_line' id='line_1_2' title="bbox 133 192 674 250; baseline -0.002 -12"><span class='ocrx_word' id='word_1_6' title='bbox 133 192 301 238; x_wconf 77' lang='lat' dir='ltr'><strong>Edonis</strong></span> <span class='ocrx_word' id='word_1_7' title='bbox 326 198 476 250; x_wconf 86' lang='lat' dir='ltr'><strong>stupet</strong></span> <span class='ocrx_word' id='word_1_8' title='bbox 505 193 674 237; x_wconf 84' lang='lat' dir='ltr'><strong>Euhias</strong></span> 
     </span>
     <span class='ocr_line' id='line_1_3' title="bbox 185 251 1438 310; baseline 0 -14"><span class='ocrx_word' id='word_1_9' title='bbox 185 251 388 296; x_wconf 83' lang='lat' dir='ltr'><strong>Hebrum</strong></span> <span class='ocrx_word' id='word_1_10' title='bbox 418 253 687 310; x_wconf 78' lang='lat' dir='ltr'><strong>prospiciens</strong></span> <span class='ocrx_word' id='word_1_11' title='bbox 718 259 762 297; x_wconf 89' lang='lat' dir='ltr'><strong>et</strong></span> <span class='ocrx_word' id='word_1_12' title='bbox 791 253 890 297; x_wconf 84' lang='lat' dir='ltr'><strong>nive</strong></span> <span class='ocrx_word' id='word_1_13' title='bbox 921 253 1154 297; x_wconf 89' lang='lat' dir='ltr'><strong>candidam</strong></span> <span class='ocrx_word' id='word_1_14' title='bbox 1403 269 1438 296; x_wconf 79' lang='grc' dir='ltr'><strong>ιο</strong></span> 
     </span>
    </p>
   </div>
   <div class='ocr_carea' id='block_1_3' title="bbox 131 311 1088 429">
    <p class='ocr_par' dir='ltr' id='par_1_3' title="bbox 131 311 1088 429">
     <span class='ocr_line' id='line_1_4' title="bbox 131 311 777 369; baseline 0 -13"><span class='ocrx_word' id='word_1_15' title='bbox 131 311 330 356; x_wconf 77' lang='lat' dir='ltr'><strong>Thracen</strong></span> <span class='ocrx_word' id='word_1_16' title='bbox 355 327 405 356; x_wconf 87' lang='lat' dir='ltr'><strong>ac</strong></span> <span class='ocrx_word' id='word_1_17' title='bbox 430 311 540 369; x_wconf 88' lang='lat' dir='ltr'><strong>pede</strong></span> <span class='ocrx_word' id='word_1_18' title='bbox 567 312 751 357; x_wconf 79' lang='lat' dir='ltr'><strong>barbaro</strong></span> <span class='ocrx_word' id='word_1_19' title='bbox 775 312 777 314; x_wconf 75' lang='grc'><strong>’</strong></span> 
     </span>
     <span class='ocr_line' id='line_1_5' title="bbox 185 371 1088 429; baseline 0.002 -15"><span class='ocrx_word' id='word_1_20' title='bbox 185 371 419 415; x_wconf 82' lang='lat' dir='ltr'><strong>lustratam</strong></span> <span class='ocrx_word' id='word_1_21' title='bbox 449 371 707 429; x_wconf 85' lang='lat' dir='ltr'>Rhodopen,</span> <span class='ocrx_word' id='word_1_22' title='bbox 739 378 789 416; x_wconf 89' lang='lat' dir='ltr'><strong>ut</strong></span> <span class='ocrx_word' id='word_1_23' title='bbox 818 371 930 416; x_wconf 89' lang='lat' dir='ltr'><strong>mihi</strong></span> <span class='ocrx_word' id='word_1_24' title='bbox 961 372 1088 416; x_wconf 81' lang='lat' dir='ltr'><strong>devio</strong></span> 
     </span>
    </p>
   </div>
   <div class='ocr_carea' id='block_1_4' title="bbox 65 466 1438 702">
    <p class='ocr_par' dir='ltr' id='par_1_4' title="bbox 65 466 1438 702">
     <span class='ocr_line' id='line_1_6' title="bbox 131 466 704 524; baseline 0.003 -14"><span class='ocrx_word' id='word_1_25' title='bbox 131 466 252 524; x_wconf 82' lang='lat' dir='ltr'><strong>ripas</strong></span> <span class='ocrx_word' id='word_1_26' title='bbox 276 472 321 510; x_wconf 87' lang='lat' dir='ltr'><strong>et</strong></span> <span class='ocrx_word' id='word_1_27' title='bbox 344 482 526 512; x_wconf 87' lang='lat' dir='ltr'><strong>vacuom</strong></span> <span class='ocrx_word' id='word_1_28' title='bbox 551 483 704 512; x_wconf 91' lang='lat' dir='ltr'><strong>nemus</strong></span> 
     </span>
     <span class='ocr_line' id='line_1_7' title="bbox 65 525 991 584; baseline 0.002 -15"><span class='ocrx_word' id='word_1_29' title='bbox 65 577 67 579; x_wconf 12' lang='lat' dir='ltr'>v</span> <span class='ocrx_word' id='word_1_30' title='bbox 185 525 340 570; x_wconf 73' lang='lat' dir='ltr'><strong>mirari</strong></span> <span class='ocrx_word' id='word_1_31' title='bbox 365 526 488 571; x_wconf 86' lang='lat' dir='ltr'><strong>libet.</strong></span> <span class='ocrx_word' id='word_1_32' title='bbox 533 542 558 571; x_wconf 95' lang='lat' dir='ltr'><strong>o</strong></span> <span class='ocrx_word' id='word_1_33' title='bbox 585 527 810 571; x_wconf 77' lang='lat' dir='ltr'><strong>Naiadum</strong></span> <span class='ocrx_word' id='word_1_34' title='bbox 837 533 991 584; x_wconf 89' lang='lat' dir='ltr'><strong>potens</strong></span> 
     </span>
     <span class='ocr_line' id='line_1_8' title="bbox 142 584 1438 644; baseline 0.002 -16"><span class='ocrx_word' id='word_1_35' title='bbox 142 584 500 644; x_wconf 73' lang='lat' dir='ltr'><strong>Baccharumque</strong></span> <span class='ocrx_word' id='word_1_36' title='bbox 527 586 770 631; x_wconf 85' lang='lat' dir='ltr'><strong>valentium</strong></span> <span class='ocrx_word' id='word_1_37' title='bbox 1405 603 1438 631; x_wconf 77' lang='grc' dir='ltr'><strong>ιο</strong></span> 
     </span>
     <span class='ocr_line' id='line_1_9' title="bbox 184 645 1065 702; baseline 0.002 -13"><span class='ocrx_word' id='word_1_38' title='bbox 184 659 384 702; x_wconf 82' lang='lat' dir='ltr'><strong>proceras</strong></span> <span class='ocrx_word' id='word_1_39' title='bbox 416 645 620 690; x_wconf 86' lang='lat' dir='ltr'><strong>manibus</strong></span> <span class='ocrx_word' id='word_1_40' title='bbox 651 652 817 690; x_wconf 89' lang='lat' dir='ltr'><strong>vertere</strong></span> <span class='ocrx_word' id='word_1_41' title='bbox 850 646 1065 699; x_wconf 75' lang='lat' dir='ltr'><strong>fraxinos,</strong></span> 
     </span>
    </p>
   </div>
   <div class='ocr_carea' id='block_1_5' title="bbox 131 740 1436 979">
    <p class='ocr_par' dir='ltr' id='par_1_5' title="bbox 131 740 1436 979">
     <span class='ocr_line' id='line_1_10' title="bbox 131 740 849 799; baseline 0.001 -14"><span class='ocrx_word' id='word_1_42' title='bbox 131 740 198 785; x_wconf 78' lang='lat' dir='ltr'><strong>nil</strong></span> <span class='ocrx_word' id='word_1_43' title='bbox 218 756 399 799; x_wconf 85' lang='lat' dir='ltr'><strong>parvom</strong></span> <span class='ocrx_word' id='word_1_44' title='bbox 421 748 500 786; x_wconf 87' lang='lat' dir='ltr'><strong>aut</strong></span> <span class='ocrx_word' id='word_1_45' title='bbox 522 742 682 787; x_wconf 88' lang='lat' dir='ltr'><strong>humili</strong></span> <span class='ocrx_word' id='word_1_46' title='bbox 706 742 849 795; x_wconf 91' lang='lat' dir='ltr'><strong>modo,</strong></span> 
     </span>
     <span class='ocr_line' id='line_1_11' title="bbox 185 800 1214 859; baseline 0.002 -14"><span class='ocrx_word' id='word_1_47' title='bbox 185 800 253 845; x_wconf 90' lang='lat' dir='ltr'><strong>nil</strong></span> <span class='ocrx_word' id='word_1_48' title='bbox 280 802 465 846; x_wconf 82' lang='lat' dir='ltr'><strong>mortale</strong></span> <span class='ocrx_word' id='word_1_49' title='bbox 491 801 659 858; x_wconf 85' lang='lat' dir='ltr'><strong>loquar.</strong></span> <span class='ocrx_word' id='word_1_50' title='bbox 707 801 834 846; x_wconf 91' lang='lat' dir='ltr'><strong>dulce</strong></span> <span class='ocrx_word' id='word_1_51' title='bbox 864 803 1108 859; x_wconf 87' lang='lat' dir='ltr'><strong>periculum</strong></span> <span class='ocrx_word' id='word_1_52' title='bbox 1137 811 1214 854; x_wconf 90' lang='lat' dir='ltr'><strong>est,</strong></span> 
     </span>
     <span class='ocr_line' id='line_1_12' title="bbox 131 859 674 919; baseline 0.006 -16"><span class='ocrx_word' id='word_1_53' title='bbox 131 874 158 904; x_wconf 93' lang='lat' dir='ltr'><strong>o</strong></span> <span class='ocrx_word' id='word_1_54' title='bbox 182 859 367 914; x_wconf 82' lang='lat' dir='ltr'><strong>Lenaee,</strong></span> <span class='ocrx_word' id='word_1_55' title='bbox 393 862 517 919; x_wconf 89' lang='lat' dir='ltr'><strong>sequi</strong></span> <span class='ocrx_word' id='word_1_56' title='bbox 542 862 674 906; x_wconf 91' lang='lat' dir='ltr'><strong>deum</strong></span> 
     </span>
     <span class='ocr_line' id='line_1_13' title="bbox 181 920 1436 979; baseline 0.002 -15"><span class='ocrx_word' id='word_1_57' title='bbox 181 920 431 978; x_wconf 79' lang='lat' dir='ltr'><strong>cingentem</strong></span> <span class='ocrx_word' id='word_1_58' title='bbox 453 921 589 965; x_wconf 86' lang='lat' dir='ltr'><strong>viridi</strong></span> <span class='ocrx_word' id='word_1_59' title='bbox 615 927 811 978; x_wconf 87' lang='lat' dir='ltr'><strong>tempora</strong></span> <span class='ocrx_word' id='word_1_60' title='bbox 836 923 1059 979; x_wconf 85' lang='lat' dir='ltr'><strong>pampino.</strong></span> <span class='ocrx_word' id='word_1_61' title='bbox 1399 938 1436 967; x_wconf 70' lang='lat' dir='ltr'><strong>no</strong></span> 
     </span>
    </p>
   </div>
   <div class='ocr_carea' id='block_1_6' title="bbox 650 1035 860 1043">
    <p class='ocr_par' dir='ltr' id='par_1_6' title="bbox 650 1035 860 1043">
     <span class='ocr_line' id='line_1_14' title="bbox 650 1035 860 1043; baseline 0 0"><span class='ocrx_word' id='word_1_62' title='bbox 650 1035 860 1043; x_wconf 95' lang='lat' dir='ltr'><strong> </strong></span> 
     </span>
    </p>
   </div>
   <div class='ocr_carea' id='block_1_7' title="bbox 666 1106 846 1150">
    <p class='ocr_par' dir='ltr' id='par_1_7' title="bbox 666 1106 846 1150">
     <span class='ocr_line' id='line_1_15' title="bbox 666 1106 846 1150; baseline 0 0"><span class='ocrx_word' id='word_1_63' title='bbox 666 1106 846 1150; x_wconf 92' lang='lat' dir='ltr'>XXVI.</span> 
     </span>
    </p>
   </div>
   <div class='ocr_carea' id='block_1_8' title="bbox 292 1183 1136 1421">
    <p class='ocr_par' dir='ltr' id='par_1_8' title="bbox 292 1183 973 1242">
     <span class='ocr_line' id='line_1_16' title="bbox 292 1183 973 1242; baseline 0.004 -16"><span class='ocrx_word' id='word_1_64' title='bbox 292 1183 398 1227; x_wconf 86' lang='lat' dir='ltr'><strong>Vixi</strong></span> <span class='ocrx_word' id='word_1_65' title='bbox 429 1184 589 1241; x_wconf 85' lang='lat' dir='ltr'><strong>puellis</strong></span> <span class='ocrx_word' id='word_1_66' title='bbox 619 1200 760 1242; x_wconf 89' lang='lat' dir='ltr'><strong>nuper</strong></span> <span class='ocrx_word' id='word_1_67' title='bbox 790 1185 973 1229; x_wconf 90' lang='lat' dir='ltr'><strong>idoneus</strong></span> 
     </span>
    </p>

    <p class='ocr_par' dir='ltr' id='par_1_9' title="bbox 292 1243 1136 1421">
     <span class='ocr_line' id='line_1_17' title="bbox 292 1243 995 1302; baseline 0.004 -16"><span class='ocrx_word' id='word_1_68' title='bbox 292 1250 336 1286; x_wconf 88' lang='lat' dir='ltr'><strong>et</strong></span> <span class='ocrx_word' id='word_1_69' title='bbox 365 1243 557 1288; x_wconf 87' lang='lat' dir='ltr'><strong>militavi</strong></span> <span class='ocrx_word' id='word_1_70' title='bbox 587 1259 674 1288; x_wconf 93' lang='lat' dir='ltr'><strong>non</strong></span> <span class='ocrx_word' id='word_1_71' title='bbox 703 1244 797 1288; x_wconf 90' lang='lat' dir='ltr'><strong>sine</strong></span> <span class='ocrx_word' id='word_1_72' title='bbox 827 1245 995 1302; x_wconf 86' lang='lat' dir='ltr'><strong>gloria;</strong></span> 
     </span>
     <span class='ocr_line' id='line_1_18' title="bbox 345 1304 1136 1362; baseline 0.003 -15"><span class='ocrx_word' id='word_1_73' title='bbox 345 1318 461 1347; x_wconf 92' lang='lat' dir='ltr'><strong>nunc</strong></span> <span class='ocrx_word' id='word_1_74' title='bbox 490 1319 612 1347; x_wconf 89' lang='lat' dir='ltr'><strong>arma</strong></span> <span class='ocrx_word' id='word_1_75' title='bbox 642 1304 990 1362; x_wconf 78' lang='lat' dir='ltr'><strong>defunctumque</strong></span> <span class='ocrx_word' id='word_1_76' title='bbox 1022 1305 1136 1349; x_wconf 92' lang='lat' dir='ltr'><strong>bello</strong></span> 
     </span>
     <span class='ocr_line' id='line_1_19' title="bbox 399 1362 1106 1421; baseline 0.003 -15"><span class='ocrx_word' id='word_1_77' title='bbox 399 1362 605 1407; x_wconf 85' lang='lat' dir='ltr'><strong>barbiton</strong></span> <span class='ocrx_word' id='word_1_78' title='bbox 635 1363 706 1407; x_wconf 84' lang='lat' dir='ltr'><strong>hic</strong></span> <span class='ocrx_word' id='word_1_79' title='bbox 737 1365 880 1421; x_wconf 88' lang='lat' dir='ltr'><strong>paries</strong></span> <span class='ocrx_word' id='word_1_80' title='bbox 912 1365 1106 1415; x_wconf 84' lang='lat' dir='ltr'><strong>habebit,</strong></span> 
     </span>
    </p>
   </div>
   <div class='ocr_carea' id='block_1_9' title="bbox 289 1458 1437 1695">
    <p class='ocr_par' dir='ltr' id='par_1_10' title="bbox 289 1458 1437 1695">
     <span class='ocr_line' id='line_1_20' title="bbox 290 1458 1437 1516; baseline 0.003 -15"><span class='ocrx_word' id='word_1_81' title='bbox 290 1458 457 1502; x_wconf 86' lang='lat' dir='ltr'><strong>laevom</strong></span> <span class='ocrx_word' id='word_1_82' title='bbox 483 1459 678 1503; x_wconf 81' lang='lat' dir='ltr'><strong>marinae</strong></span> <span class='ocrx_word' id='word_1_83' title='bbox 703 1460 782 1516; x_wconf 92' lang='lat' dir='ltr'><strong>qui</strong></span> <span class='ocrx_word' id='word_1_84' title='bbox 808 1460 988 1504; x_wconf 88' lang='lat' dir='ltr'><strong>Veneris</strong></span> <span class='ocrx_word' id='word_1_85' title='bbox 1015 1460 1132 1505; x_wconf 90' lang='lat' dir='ltr'><strong>latus</strong></span> <span class='ocrx_word' id='word_1_86' title='bbox 1419 1477 1437 1504; x_wconf 85' lang='lat'><strong>5</strong></span> 
     </span>
     <span class='ocr_line' id='line_1_21' title="bbox 289 1517 1082 1577; baseline 0.004 -16"><span class='ocrx_word' id='word_1_87' title='bbox 289 1517 495 1563; x_wconf 89' lang='lat' dir='ltr'><strong>custodit.</strong></span> <span class='ocrx_word' id='word_1_88' title='bbox 544 1518 628 1572; x_wconf 87' lang='lat' dir='ltr'><strong>hic,</strong></span> <span class='ocrx_word' id='word_1_89' title='bbox 659 1519 728 1563; x_wconf 92' lang='lat' dir='ltr'><strong>hic</strong></span> <span class='ocrx_word' id='word_1_90' title='bbox 758 1520 910 1577; x_wconf 87' lang='lat' dir='ltr'><strong>ponite</strong></span> <span class='ocrx_word' id='word_1_91' title='bbox 939 1520 1082 1564; x_wconf 79' lang='lat' dir='ltr'><strong>lucide</strong></span> 
     </span>
     <span class='ocr_line' id='line_1_22' title="bbox 341 1577 1000 1636; baseline 0.006 -15"><span class='ocrx_word' id='word_1_92' title='bbox 341 1577 517 1622; x_wconf 80' lang='lat' dir='ltr'><strong>funalia</strong></span> <span class='ocrx_word' id='word_1_93' title='bbox 538 1583 584 1622; x_wconf 89' lang='lat' dir='ltr'><strong>et</strong></span> <span class='ocrx_word' id='word_1_94' title='bbox 607 1579 743 1623; x_wconf 84' lang='lat' dir='ltr'><strong>vectis</strong></span> <span class='ocrx_word' id='word_1_95' title='bbox 768 1585 811 1624; x_wconf 90' lang='lat' dir='ltr'><strong>et</strong></span> <span class='ocrx_word' id='word_1_96' title='bbox 834 1579 1000 1636; x_wconf 76' lang='lat' dir='ltr'><strong>†a.rcus</strong></span> 
     </span>
     <span class='ocr_line' id='line_1_23' title="bbox 400 1638 1049 1695; baseline 0.003 -14"><span class='ocrx_word' id='word_1_97' title='bbox 400 1638 614 1695; x_wconf 92' lang='lat' dir='ltr'><strong>oppositis</strong></span> <span class='ocrx_word' id='word_1_98' title='bbox 645 1639 819 1684; x_wconf 75' lang='lat' dir='ltr'><strong>foribus</strong></span> <span class='ocrx_word' id='word_1_99' title='bbox 851 1640 1049 1685; x_wconf 84' lang='lat' dir='ltr'><strong>minacis.</strong></span> 
     </span>
    </p>
   </div>
   <div class='ocr_carea' id='block_1_10' title="bbox 290 1733 1494 1972">
    <p class='ocr_par' dir='ltr' id='par_1_11' title="bbox 290 1733 1440 1850">
     <span class='ocr_line' id='line_1_24' title="bbox 291 1733 1212 1793; baseline 0.004 -17"><span class='ocrx_word' id='word_1_100' title='bbox 291 1748 317 1777; x_wconf 92' lang='lat' dir='ltr'><strong>o</strong></span> <span class='ocrx_word' id='word_1_101' title='bbox 339 1748 452 1790; x_wconf 91' lang='lat' dir='ltr'><strong>quae</strong></span> <span class='ocrx_word' id='word_1_102' title='bbox 475 1733 647 1777; x_wconf 88' lang='lat' dir='ltr'><strong>beatam</strong></span> <span class='ocrx_word' id='word_1_103' title='bbox 671 1734 773 1778; x_wconf 92' lang='lat' dir='ltr'><strong>diva</strong></span> <span class='ocrx_word' id='word_1_104' title='bbox 800 1741 918 1779; x_wconf 84' lang='lat' dir='ltr'><strong>tenes</strong></span> <span class='ocrx_word' id='word_1_105' title='bbox 943 1735 1144 1793; x_wconf 82' lang='lat' dir='ltr'><strong>Cyprum</strong></span> <span class='ocrx_word' id='word_1_106' title='bbox 1169 1742 1212 1780; x_wconf 90' lang='lat' dir='ltr'><strong>et</strong></span> 
     </span>
     <span class='ocr_line' id='line_1_25' title="bbox 290 1792 1440 1850; baseline 0.004 -15"><span class='ocrx_word' id='word_1_107' title='bbox 290 1792 527 1850; x_wconf 84' lang='lat' dir='ltr'><strong>Memphin</strong></span> <span class='ocrx_word' id='word_1_108' title='bbox 550 1800 767 1837; x_wconf 89' lang='lat' dir='ltr'><strong>carentem</strong></span> <span class='ocrx_word' id='word_1_109' title='bbox 794 1794 1000 1838; x_wconf 85' lang='lat' dir='ltr'><strong>Sithonia</strong></span> <span class='ocrx_word' id='word_1_110' title='bbox 1025 1795 1138 1847; x_wconf 85' lang='lat' dir='ltr'><strong>nive,</strong></span> <span class='ocrx_word' id='word_1_111' title='bbox 1405 1812 1440 1840; x_wconf 85' lang='grc' dir='ltr'><strong>ιο</strong></span> 
     </span>
    </p>

    <p class='ocr_par' dir='ltr' id='par_1_12' title="bbox 344 1852 1494 1911">
     <span class='ocr_line' id='line_1_26' title="bbox 344 1852 1494 1911; baseline 0.004 -16"><span class='ocrx_word' id='word_1_112' title='bbox 344 1852 512 1909; x_wconf 89' lang='lat' dir='ltr'><strong>regina,</strong></span> <span class='ocrx_word' id='word_1_113' title='bbox 539 1853 722 1896; x_wconf 90' lang='lat' dir='ltr'><strong>sublimi</strong></span> <span class='ocrx_word' id='word_1_114' title='bbox 749 1854 936 1911; x_wconf 82' lang='lat' dir='ltr'><strong>flagello</strong></span> <span class='ocrx_word' id='word_1_115' title='bbox 1492 1863 1494 1865; x_wconf 82' lang='lat'>&#39;</span> 
     </span>
    </p>

    <p class='ocr_par' dir='ltr' id='par_1_13' title="bbox 398 1911 1215 1972">
     <span class='ocr_line' id='line_1_27' title="bbox 398 1911 1215 1972; baseline 0.005 -17"><span class='ocrx_word' id='word_1_116' title='bbox 398 1917 530 1968; x_wconf 85' lang='lat' dir='ltr'><strong>tange</strong></span> <span class='ocrx_word' id='word_1_117' title='bbox 561 1911 729 1957; x_wconf 86' lang='lat' dir='ltr'><strong>Chloen</strong></span> <span class='ocrx_word' id='word_1_118' title='bbox 757 1913 891 1957; x_wconf 88' lang='lat' dir='ltr'><strong>semel</strong></span> <span class='ocrx_word' id='word_1_119' title='bbox 922 1921 1215 1972; x_wconf 83' lang='lat' dir='ltr'><strong>arrogantem.</strong></span> 
     </span>
    </p>
   </div>
   <div class='ocr_carea' id='block_1_11' title="bbox 649 2015 863 2021">
    <p class='ocr_par' dir='ltr' id='par_1_14' title="bbox 649 2015 863 2021">
     <span class='ocr_line' id='line_1_28' title="bbox 649 2015 863 2021; baseline 0 0"><span class='ocrx_word' id='word_1_120' title='bbox 649 2015 863 2021; x_wconf 95' lang='lat' dir='ltr'><strong> </strong></span> 
     </span>
    </p>
   </div>
   <div class='ocr_carea' id='block_1_12' title="bbox 168 2081 673 2131">
    <p class='ocr_par' dir='ltr' id='par_1_15' title="bbox 168 2081 673 2131">
     <span class='ocr_line' id='line_1_29' title="bbox 168 2081 673 2131; baseline 0.008 -15"><span class='ocrx_word' id='word_1_121' title='bbox 168 2081 397 2129; x_wconf 55' lang='lat' dir='ltr'><strong><em>&amp;ABE</em></strong></span> <span class='ocrx_word' id='word_1_122' title='bbox 489 2083 673 2131; x_wconf 62' lang='grc' dir='ltr'>(ῷαῑφ</span> 
     </span>
    </p>
   </div>
   <div class='ocr_carea' id='block_1_13' title="bbox 74 2170 1442 2415">
    <p class='ocr_par' dir='ltr' id='par_1_16' title="bbox 74 2170 1441 2319">
     <span class='ocr_line' id='line_1_30' title="bbox 170 2170 1441 2222; baseline 0.005 -16"><span class='ocrx_word' id='word_1_123' title='bbox 170 2170 194 2206; x_wconf 79' lang='grc'><strong>9</strong></span> <span class='ocrx_word' id='word_1_124' title='bbox 219 2170 362 2207; x_wconf 84' lang='lat' dir='ltr'><strong>Edonis</strong></span> <span class='ocrx_word' id='word_1_125' title='bbox 387 2173 555 2219; x_wconf 79' lang='lat' dir='ltr'><strong>Bentley,</strong></span> <span class='ocrx_word' id='word_1_126' title='bbox 580 2172 806 2220; x_wconf 81' lang='lat' dir='ltr'><strong>Ex(s)omnis</strong></span> <span class='ocrx_word' id='word_1_127' title='bbox 830 2174 880 2222; x_wconf 99' lang='lat' dir='ltr'>Q</span> <span class='ocrx_word' id='word_1_128' title='bbox 896 2173 948 2222; x_wconf 64' lang='grc' dir='ltr'><strong>ᾧ)</strong></span> <span class='ocrx_word' id='word_1_129' title='bbox 973 2175 1109 2220; x_wconf 65' lang='lat' dir='ltr'><strong>Por-ph.</strong></span> <span class='ocrx_word' id='word_1_130' title='bbox 1137 2176 1179 2219; x_wconf 74' lang='lat' dir='ltr'><strong>(i.</strong></span> <span class='ocrx_word' id='word_1_131' title='bbox 1205 2176 1312 2212; x_wconf 76' lang='lat' dir='ltr'><strong>schol.</strong></span> <span class='ocrx_word' id='word_1_132' title='bbox 1335 2176 1441 2221; x_wconf 79' lang='grc' dir='ltr'><strong><em>ΔΓ),</em></strong></span> 
     </span>
     <span class='ocr_line' id='line_1_31' title="bbox 74 2217 1439 2269; baseline 0.005 -15"><span class='ocrx_word' id='word_1_133' title='bbox 74 2217 130 2255; x_wconf 72' lang='lat' dir='ltr'><strong>Ex</strong></span> <span class='ocrx_word' id='word_1_134' title='bbox 154 2219 295 2254; x_wconf 83' lang='lat' dir='ltr'><strong>somnis</strong></span> <span class='ocrx_word' id='word_1_135' title='bbox 321 2230 343 2260; x_wconf 81' lang='grc' dir='ltr'><strong><em>ς</em></strong></span> <span class='ocrx_word' id='word_1_136' title='bbox 364 2220 503 2257; x_wconf 77' lang='lat' dir='ltr'><strong>Vahlen</strong></span> <span class='ocrx_word' id='word_1_137' title='bbox 601 2220 650 2256; x_wconf 79' lang='lat'><strong>12</strong></span> <span class='ocrx_word' id='word_1_138' title='bbox 675 2223 719 2257; x_wconf 84' lang='lat' dir='ltr'><strong>ut</strong></span> <span class='ocrx_word' id='word_1_139' title='bbox 736 2221 786 2269; x_wconf 94' lang='lat' dir='ltr'>Q</span> <span class='ocrx_word' id='word_1_140' title='bbox 855 2250 864 2266; x_wconf 87' lang='lat'><strong>,</strong></span> <span class='ocrx_word' id='word_1_141' title='bbox 890 2233 1004 2267; x_wconf 79' lang='lat' dir='ltr'><strong>quam</strong></span> <span class='ocrx_word' id='word_1_142' title='bbox 1029 2223 1159 2259; x_wconf 77' lang='lat' dir='ltr'><strong>lemma</strong></span> <span class='ocrx_word' id='word_1_143' title='bbox 1178 2224 1328 2269; x_wconf 62' lang='lat' dir='ltr'><strong>Por-ph„</strong></span> <span class='ocrx_word' id='word_1_144' title='bbox 1353 2234 1399 2260; x_wconf 75' lang='lat' dir='ltr'><strong>ao</strong></span> <span class='ocrx_word' id='word_1_145' title='bbox 1419 2236 1439 2262; x_wconf 80' lang='grc' dir='ltr'><strong>ς</strong></span> 
     </span>
     <span class='ocr_line' id='line_1_32' title="bbox 76 2264 1441 2319; baseline 0.004 -17"><span class='ocrx_word' id='word_1_146' title='bbox 76 2264 126 2303; x_wconf 76' lang='lat'><strong>14</strong></span> <span class='ocrx_word' id='word_1_147' title='bbox 150 2265 333 2303; x_wconf 75' lang='lat' dir='ltr'><strong>naiadum</strong></span> <span class='ocrx_word' id='word_1_148' title='bbox 402 2297 411 2311; x_wconf 82' lang='lat'><strong>,</strong></span> <span class='ocrx_word' id='word_1_149' title='bbox 437 2268 592 2304; x_wconf 83' lang='lat' dir='ltr'><strong>naidum</strong></span> <span class='ocrx_word' id='word_1_150' title='bbox 610 2269 659 2316; x_wconf 93' lang='lat' dir='ltr'>Q</span> <span class='ocrx_word' id='word_1_151' title='bbox 792 2269 813 2306; x_wconf 95' lang='lat'>1</span> <span class='ocrx_word' id='word_1_152' title='bbox 867 2269 1035 2307; x_wconf 80' lang='lat' dir='ltr'><strong>fraxinos</strong></span> <span class='ocrx_word' id='word_1_153' title='bbox 1059 2271 1109 2319; x_wconf 94' lang='lat' dir='ltr'>Q</span> <span class='ocrx_word' id='word_1_154' title='bbox 1125 2270 1187 2319; x_wconf 62' lang='grc' dir='ltr'><strong>(τῇ,</strong></span> <span class='ocrx_word' id='word_1_155' title='bbox 1213 2270 1382 2308; x_wconf 73' lang='lat' dir='ltr'><strong>fraxinus</strong></span> <span class='ocrx_word' id='word_1_156' title='bbox 1409 2274 1441 2308; x_wconf 85' lang='grc' dir='ltr'><em>Φ</em></span> 
     </span>
    </p>

    <p class='ocr_par' dir='ltr' id='par_1_17' title="bbox 75 2313 1442 2415">
     <span class='ocr_line' id='line_1_33' title="bbox 169 2313 1442 2365; baseline 0.005 -15"><span class='ocrx_word' id='word_1_157' title='bbox 169 2313 221 2350; x_wconf 74' lang='grc'><strong>26</strong></span> <span class='ocrx_word' id='word_1_158' title='bbox 258 2315 278 2350; x_wconf 91' lang='lat'>1</span> <span class='ocrx_word' id='word_1_159' title='bbox 305 2325 380 2362; x_wconf 90' lang='lat' dir='ltr'><strong>pue</strong></span> <span class='ocrx_word' id='word_1_160' title='bbox 414 2315 444 2351; x_wconf 83' lang='lat' dir='ltr'><strong>’s</strong></span> <span class='ocrx_word' id='word_1_161' title='bbox 462 2316 573 2365; x_wconf 67' lang='lat' dir='ltr'><strong>QQD</strong></span> <span class='ocrx_word' id='word_1_162' title='bbox 591 2317 727 2363; x_wconf 59' lang='lat' dir='ltr'><strong>Pomm.</strong></span> <span class='ocrx_word' id='word_1_163' title='bbox 748 2319 934 2364; x_wconf 71' lang='lat' dir='ltr'><strong>(metrici),</strong></span> <span class='ocrx_word' id='word_1_164' title='bbox 953 2318 1087 2355; x_wconf 70' lang='lat' dir='ltr'><strong>duellis</strong></span> <span class='ocrx_word' id='word_1_165' title='bbox 1104 2319 1256 2356; x_wconf 67' lang='lat' dir='ltr'><strong>Franks</strong></span> <span class='ocrx_word' id='word_1_166' title='bbox 1354 2319 1374 2356; x_wconf 80' lang='lat'>7</span> <span class='ocrx_word' id='word_1_167' title='bbox 1403 2322 1442 2356; x_wconf 85' lang='lat' dir='ltr'><strong>et</strong></span> 
     </span>
     <span class='ocr_line' id='line_1_34' title="bbox 75 2338 1357 2415; baseline 0.005 -17"><span class='ocrx_word' id='word_1_168' title='bbox 75 2372 183 2399; x_wconf 75' lang='lat' dir='ltr'><strong>arcus</strong></span> <span class='ocrx_word' id='word_1_169' title='bbox 201 2338 312 2411; x_wconf 54' lang='lat' dir='ltr'><strong>Q&amp;</strong></span> <span class='ocrx_word' id='word_1_170' title='bbox 337 2374 560 2410; x_wconf 84' lang='lat' dir='ltr'><strong>securesque</strong></span> <span class='ocrx_word' id='word_1_171' title='bbox 585 2365 740 2412; x_wconf 72' lang='lat' dir='ltr'><strong>Bentley</strong></span> <span class='ocrx_word' id='word_1_172' title='bbox 837 2366 863 2402; x_wconf 75' lang='lat'>9</span> <span class='ocrx_word' id='word_1_173' title='bbox 888 2368 993 2403; x_wconf 85' lang='lat' dir='ltr'><strong>tenes</strong></span> <span class='ocrx_word' id='word_1_174' title='bbox 1017 2367 1067 2414; x_wconf 95' lang='lat' dir='ltr'>Q</span> <span class='ocrx_word' id='word_1_175' title='bbox 1083 2366 1146 2415; x_wconf 61' lang='grc' dir='ltr'><strong>ᾧ),</strong></span> <span class='ocrx_word' id='word_1_176' title='bbox 1171 2367 1272 2414; x_wconf 78' lang='lat' dir='ltr'><strong>regis</strong></span> <span class='ocrx_word' id='word_1_177' title='bbox 1299 2370 1357 2404; x_wconf 78' lang='grc' dir='ltr'><strong>δπ</strong></span> 
     </span>
    </p>
   </div>
  </div>
 </body>
</html>
