1586 2514
574 73 716 110 SERM.
741 72 827 109 1155.
849 76 882 109 6.
1319 71 1406 114 237

31 174 163 219 *forte
185 172 445 218 coheredum
465 173 613 218 senior
635 172 749 216 male
772 171 942 223 tussiet,
968 170 1070 215 huic
1094 176 1143 215 tu

44 233 132 287 dic,
150 249 204 277 ex
221 239 348 291 parte
365 239 445 278 tua
461 249 537 278 seu
554 232 688 277 fundi
707 232 797 276 sive
816 231 972 275 domus
988 230 1049 275 sit

45 298 230 351 emptor,
257 293 523 350 gaudentem
548 307 740 337 nummo.
754 298 797 335 te
822 291 1037 335 addicere.
1072 290 1148 334 sed
1175 305 1244 334 me

43 353 279 410 imperiosa
302 353 442 397 trahit
464 352 753 410 Proserpina.
782 351 880 395 vive
901 350 1404 408 valeque.'110

679 531 760 577 VI.

99 617 197 662 Hoc
226 622 321 662 erat
348 618 399 662 in
426 617 565 662 votis:
601 615 757 660 modus
786 615 885 673 agri
914 630 1003 659 non
1032 614 1100 659 ita
1128 630 1330 671 magnus,

45 677 197 722 hortus
223 677 300 722 ubi
325 683 371 722 et
395 683 509 722 tecto
532 676 703 721 vicinus
727 675 848 734 iugis
873 690 1011 732 aquae
1038 675 1140 718 fons

43 739 86 780 et
109 737 288 794 paulum
313 737 450 781 silvae
477 752 607 794 super
635 736 706 780 his
733 736 865 779 foret.
903 735 1078 778 auctius
1108 741 1240 791 atque

43 797 92 840 di
119 797 275 841 melius
301 797 456 841 fecere.
494 796 600 840 bene
624 802 702 840 est.
738 795 804 839 nil
829 794 1023 851 amplius
1048 809 1138 847 oro,

44 857 172 901 Maia
195 863 310 910 nate,
334 857 422 902 nisi
447 862 498 902 ut
520 855 700 914 propria
723 855 827 900 haec
852 853 966 899 mihi
989 870 1172 898 munera
1196 854 1328 898 faxis.
1385 869 1403 896 ⁶

42 916 82 961 si
106 931 246 974 neque
269 917 479 961 maiorem
502 915 591 960 feci
614 915 783 959 ratione
806 914 923 958 mala
946 930 1038 958 rem

45 991 123 1020 nec
146 991 246 1020 sum
270 977 472 1020 facturus
495 975 608 1020 vitio
631 975 813 1032 culpave
839 974 1077 1027 minorem;

43 1036 82 1080 si
105 1050 285 1080 veneror
306 1036 469 1080 stultus
491 1035 606 1080 nihil
628 1034 819 1078 horum
821 1050 847 1078 o
870 1034 907 1078 si
931 1009 1121 1091 angustis
1143 1033 1220 1077 ille

44 1095 273 1175 proximus
301 1095 491 1148 accedat,
519 1095 598 1152 qui
627 1110 742 1139 nunc
770 1094 1001 1138 denormat
1028 1093 1245 1151 agellum
1238 1093 1269 1127 ''

44 1155 85 1199 o
103 1155 142 1200 si
162 1171 318 1200 urnam
338 1155 512 1213 argenti
530 1155 626 1199 fors
644 1169 756 1212 quae
776 1154 888 1198 mihi
910 1159 1135 1206 monstret,
1158 1159 1208 1197 ut
1228 1152 1312 1206 illi,
1371 1168 1405 1196 ιο

45 1215 249 1260 thesauro
274 1215 454 1260 invento
477 1214 556 1273 qui
583 1215 906 1259 mercennarius
931 1229 1088 1282 agrum

45 1275 214 1320 illum
201 1291 348 1353 ipsum
374 1281 589 1320 mercatus
614 1274 771 1326 aravit,
798 1273 920 1318 dives
944 1273 1087 1318 amico

42 1334 281 1390 Hercule!',
308 1338 344 1378 si
363 1334 478 1392 quod
503 1334 622 1378 adest
641 1337 812 1390 gratum
832 1336 951 1376 iuvat
966 1332 1071 1390 (hac
1090 1347 1214 1390 prece
1232 1335 1274 1376 te
1294 1331 1408 1390 oro):

45 1395 212 1464 pingue
241 1411 371 1453 pecus
398 1394 577 1440 domino
606 1394 747 1438 facias
775 1399 820 1438 et
845 1400 988 1438 cetera
1017 1399 1190 1451 praeter

45 1455 291 1512 ingenium,
326 1461 461 1512 utque
490 1454 612 1506 soles,
647 1460 790 1498 custos
821 1453 933 1498 mihi
965 1452 1185 1498 maximus
1217 1453 1347 1498 adsis
1371 1469 1404 1496 15

99 1529 204 1572 ergo
220 1515 297 1559 ubi
312 1530 383 1558 me
397 1515 448 1559 in
460 1519 628 1558 montes
642 1520 687 1557 et
702 1514 750 1557 in
766 1529 908 1557 arcem
923 1523 979 1557 ex
993 1513 1100 1557 urbe
1115 1514 1278 1557 removi
1296 1538 1350 1543 —-

49 1573 179 1632 (quid
209 1575 333 1632 prius
361 1574 593 1619 inlustrem
621 1573 783 1618 saturis
812 1589 1022 1630 musaque
1052 1573 1266 1631 pedestri)

46 1649 123 1679 nec
142 1635 259 1679 mala
278 1650 347 1678 me
365 1633 551 1678 ambitio
570 1633 717 1691 perdit
735 1648 812 1677 nec
832 1633 1063 1691 plumbeus
1082 1640 1228 1677 auster

45 1700 370 1751 autumnusque
397 1693 558 1752 gravis,
588 1693 819 1736 Libitinae
845 1699 1051 1751 quaestus
1079 1693 1268 1738 acerbae.

45 1753 274 1798 Matutine
303 1759 441 1811 pater,
470 1769 547 1798 seu
576 1751 712 1796 ‘Iane'
741 1752 953 1796 libentius
982 1752 1122 1806 audis,
1368 1769 1405 1796 20

47 1813 162 1857 unde
186 1813 383 1858 homines
406 1828 586 1871 operum
610 1812 776 1870 primos
797 1812 1000 1869 vitaeque
1022 1813 1191 1857 labores

45 1873 286 1917 instituunt
318 1871 400 1928 (sic
427 1872 498 1917 dis
525 1871 778 1930 placitum),
808 1878 858 1916 tu
885 1871 1095 1916 carminis
1124 1878 1215 1916 esto

46 1933 330 1991 principium.
373 1932 539 1976 Romae
567 1947 817 1989 sponsorem
847 1947 916 1975 me
945 1932 1077 1989 rapis.
1118 1932 1213 1986 eia,

47 2008 100 2037 ne
123 1993 245 2050 prior
268 1993 430 2036 officio
453 1992 686 2050 quisquam
709 1991 981 2049 respondeat,
1008 1992 1144 2050 urge?

137 2110 255 2158 &a
351 2110 484 2159 ΘΛ»

137 2206 180 2254 6,
203 2206 397 2251 ῗιιοΡὶ,
429 2217 502 2252 que
534 2205 713 2243 azGoth.
824 2204 1026 2253 1οΟΘΖ
1056 2207 1407 2251 οῇΡενεηΜΘε

45 2255 207 2292 omisisse
229 2254 375 2291 videtur
401 2218 454 2291 Φ(Ἷι
459 2255 598 2300 (omisit
617 2254 670 2298 2¹,
695 2252 778 2289 Heu
804 2253 857 2298 F)
937 2253 996 2289 illi
1019 2254 1069 2301 Q)
1085 2253 1147 2302 Θ,
1172 2253 1238 2289 ille
1263 2254 1405 2290 Bland.

44 2302 93 2340 11
118 2302 312 2339 Thesauro
336 2302 388 2350 Θ
405 2304 555 2349 Porph„
581 2302 672 2337 Tres
699 2312 789 2337 auro
815 2314 840 2337 a
926 2301 1060 2338 17.1o
1086 2302 1238 2338 ordinat
1261 2302 1405 2339 Haber-

41 2350 134 2395 t'eldt
205 2349 258 2387 2⁰
282 2351 326 2387 ob
351 2351 488 2387 Ianum
514 2351 623 2395 affert
645 2349 744 2387 Serv.
766 2351 858 2386 Aen.
882 2352 916 2395 7,
936 2352 1010 2386 607
