1586 2514
194 112 249 154 98
679 112 824 150 CARM.
850 114 902 148 111
923 118 978 150 16.
1000 118 1055 150 17.

404 225 669 267 quamquam
691 226 767 254 nec
789 211 1000 256 Calabrae
1022 212 1153 255 mella
1173 213 1325 257 ferunt
1344 228 1446 271 apes

405 284 481 312 nec
512 269 831 326 Laestrygonia
863 270 1057 314 Bacchus
1087 270 1136 314 in
1166 272 1374 328 amphora.

196 342 229 368 3⁵
405 327 649 384 languescit
677 328 789 372 mihi
817 344 894 373 nec
923 329 1110 386 pinguia
1139 329 1324 375 Gallicis

458 392 653 430 crescunt
671 387 830 431 vellera
850 389 1044 445 pascuis:

405 504 643 560 inportuna
671 511 817 549 tamen
844 507 1072 563 pauperies
1100 507 1221 551 abest

404 578 494 614 nec,
518 563 555 606 si
576 564 704 620 plura
723 565 869 617 velim,
892 571 941 610 tu
961 565 1066 609 dare
1085 566 1282 624 deneges.

405 629 624 666 contracto
651 624 806 668 melius
833 640 965 681 parva
990 625 1197 682 cupidine

195 697 229 723 40
458 682 691 739 vectigalia
713 684 937 740 porrigam

400 814 532 854 quam
558 800 595 842 si
622 800 885 857 Mygdoniis
911 817 1093 857 regnum
1121 802 1324 858 Alyattei

402 858 564 914 campis
593 859 855 904 continuem.
902 861 1042 904 multa
1070 858 1321 917 patentibus

403 916 558 959 desunt
580 918 743 962 multa:
773 918 879 962 bene
901 925 964 962 est
986 920 1056 963 cui
1078 919 1184 964 deus
1206 919 1367 964 obtulit

457 991 585 1030 parca
610 977 726 1032 quod
751 977 858 1020 satis
883 984 948 1021 est
974 994 1118 1022 manu.

783 1201 938 1244 XVII.

403 1282 507 1324 Aeli
527 1289 696 1326 vetusto
718 1283 879 1327 nobilis
899 1284 953 1327 ab
975 1284 1114 1328 Lamo
1133 1309 1190 1326 ,-

403 1342 577 1396 quando
608 1348 651 1384 et
681 1343 846 1398 priores
877 1343 978 1386 hinc
1010 1343 1187 1387 Lamias
1218 1345 1370 1389 ferunt

457 1399 755 1444 denominatos
783 1407 828 1444 et
852 1407 1060 1458 nepotum

508 1474 584 1514 per
613 1475 819 1503 memores
847 1476 984 1517 genus
1013 1475 1137 1505 omne
1166 1462 1318 1515 fastos,

209 1593 225 1618 5
403 1582 576 1619 auctore
602 1578 656 1620 ab
683 1578 762 1621 illo
789 1578 911 1622 ducis
938 1579 1167 1635 originem,

397 1634 474 1691 qui
498 1635 777 1680 Formiarum
800 1638 970 1680 moenia
993 1635 1158 1682 dicitur

450 1694 649 1750 princeps
680 1701 723 1738 et
752 1696 977 1739 innantem
1007 1696 1201 1740 Maricae

505 1752 706 1796 litoribus
731 1755 918 1798 tenuisse
942 1753 1100 1806 Lirim,

279 1868 454 1915 &AB
546 1868 725 1915 <19:34⁵

279 1973 331 2009 34
349 1984 418 2008 nec
440 1993 482 1998 -—
503 1973 594 2008 mihi
620 1975 663 2009 ob
681 1974 890 2020 languescit
908 1977 1028 2020 adfert
1046 1977 1179 2022 Por-ph.
1194 1978 1245 2013 ad
1261 1989 1372 2014 carm.
1387 1980 1423 2022 3,
1434 1980 1495 2023 21,
1509 1981 1533 2014 8

186 2021 231 2056 41
261 2020 430 2066 Alyattei
456 2021 594 2064 Faber,
619 2023 790 2068 Bentley,
824 2024 866 2058 in
890 2024 1082 2070 archetypo
1105 2026 1264 2068 fueritne
1287 2025 1351 2060 —tti
1376 2036 1429 2061 an
1452 2025 1532 2061 -ttii

186 2070 260 2110 (vix
284 2068 401 2113 -ttici)
427 2078 501 2103 ‘non
526 2074 667 2104 constat

281 2116 346 2162 17,
368 2115 388 2150 1
411 2115 475 2161 [ζῇ
489 2129 496 2149 :
510 2115 664 2163 ABE]
761 2116 785 2152 3
811 2118 850 2151 et
868 2138 912 2142 —
933 2117 1049 2152 fastos
1069 2119 1111 2154 ob
1130 2129 1247 2164 genus
1267 2130 1376 2155 omne
1393 2120 1533 2156 exhibet

186 2163 281 2198 Serv.
301 2163 393 2199 Aen.
415 2164 474 2205 12,
488 2165 560 2198 530
654 2162 679 2198 4
704 2163 819 2199 fastos
838 2164 886 2210 Q)
905 2164 1049 2209 (Sera),
1068 2165 1186 2201 fastus
1204 2165 1271 2214 Θς
1295 2167 1341 2210 cf.
1363 2167 1478 2204 Prisc.
1497 2170 1530 2212 6,

189 2213 234 2245 72
255 2222 282 2255 p
311 2213 398 2254 256,
411 2212 460 2245 16
492 2210 592 2255 apud
623 2211 820 2246 Horatium
851 2210 1041 2256 duplicem
1071 2213 1219 2250 invenio
1245 2214 1469 2259 scripturam
1493 2216 1531 2250 et

187 2257 333 2294 ‘fastos’
361 2259 400 2292 et
420 2255 569 2292 ‘fastus’
591 2258 630 2292 in
654 2258 706 2293 111
726 2257 946 2294 carminum:
975 2260 1057 2305 ‘per
1080 2271 1261 2296 memores
1286 2271 1404 2307 genus
1423 2271 1530 2299 omne

183 2303 315 2340 fastos'
337 2307 375 2340 et
395 2304 546 2339 ‘fastus’
566 2305 605 2339 in
625 2305 709 2340 aliis
729 2305 928 2341 codicibus.
955 2308 1000 2350 cf.
1015 2318 1124 2343 eamn.
1138 2311 1173 2351 4,
1187 2311 1243 2351 14,
1256 2311 1279 2344 4
1374 2308 1399 2344 5
1425 2308 1529 2345 ducis

183 2352 232 2398 Q)
242 2352 303 2399 Θ,
323 2352 428 2387 ducit
441 2352 618 2388 Heinsius
717 2353 735 2388 7
758 2354 796 2388 et
810 2374 853 2379 —
867 2353 980 2389 Lirim
996 2355 1040 2390 ob
1052 2356 1205 2391 nomina
1216 2354 1314 2391 Serv.
1327 2356 1419 2392 Aen.
1435 2359 1469 2400 7,
1481 2359 1530 2392 47
