1586 2514
615 87 761 126 EPIST.
787 87 804 123 I
824 92 857 124 2.
1327 81 1414 125 255

60 193 219 238 Iliacos
249 192 368 236 intra
396 205 544 235 muros
571 193 773 247 peccatur
801 192 844 230 et
872 191 1009 229 extra.

59 268 222 305 rursus,
250 251 360 309 quid
385 251 526 294 virtus
551 255 596 293 et
619 247 728 306 quid
754 245 973 303 sapientia
998 243 1149 302 possit,

61 312 172 357 utile
197 310 428 370 proposuit
451 309 577 354 nobis
601 307 823 364 exemplar
847 305 1021 357 Vlixen,

60 372 140 430 qui
172 371 364 416 domitor
397 369 554 414 Troiae
585 368 826 412 multorum
858 364 1066 424 providus
1098 362 1226 407 urbes

61 437 106 476 et
133 446 273 476 mores
300 429 530 474 hominum
556 427 750 485 inspexit
777 426 1002 482 latumque
1029 439 1106 481 per
1133 437 1307 479 aequor,
1381 436 1417 463 20

62 492 169 540 dum
193 490 296 543 sibi,
323 490 430 534 dum
454 488 582 533 sociis
607 486 799 531 reditum
824 491 965 542 parat,
993 499 1145 541 aspera
1171 482 1310 526 multa

61 551 261 609 pertulit,
289 549 482 594 adversis
505 563 650 592 rerum
675 544 985 590 immersabilis
1011 543 1155 587 undis.

64 611 270 656 Sirenum
297 624 420 654 voces
445 614 489 653 et
515 608 666 652 Circae
692 605 849 663 pocula
873 604 1014 658 nosti3

62 687 174 728 quae
200 670 240 715 si
268 686 367 714 cum
394 668 523 713 sociis
549 667 710 719 stultus
734 665 1007 722 cupidusque
1036 662 1231 715 bibisset,

61 731 144 775 sub
169 730 349 775 domina
372 728 598 774 meretrice
620 727 780 771 fuisset
803 724 947 782 turpis
971 730 1014 767 et
1037 738 1199 775 excors,
1385 737 1419 764 25

62 791 245 836 vixisset
273 790 393 834 canis
419 787 657 832 inmundus
682 786 751 829 vel
778 785 919 829 amica
945 784 1040 828 luto
1068 799 1152 827 sus.

118 866 196 896 nos
226 864 433 894 numerus
461 863 609 893 sumus
638 852 682 890 et
711 847 864 903 fruges
893 859 1142 888 consumere
1172 842 1283 895 nati,

63 910 213 969 sponsi
240 910 484 967 Penelopae
507 907 742 952 nebulones
765 905 1033 962 Alcinoique

66 972 116 1016 in
144 977 242 1015 cute
270 969 462 1014 curanda.
488 968 587 1026 plus
614 982 752 1024 aequo
782 971 959 1023 operata
988 965 1205 1016 iuventus,

66 1032 138 1076 cui
162 1031 364 1089 pulcrum
385 1029 480 1074 fuit
500 1029 548 1074 in
569 1027 735 1072 medios
757 1026 948 1070 dormire
972 1025 1064 1068 dies
1087 1031 1131 1068 et
1387 1038 1423 1065 30

66 1092 123 1136 ad
152 1091 389 1148 strepitum
419 1088 611 1134 citharae
641 1092 854 1131 cessatum
885 1085 1039 1129 ducere
1070 1100 1231 1128 curam.

68 1157 119 1196 ut
143 1151 350 1208 iugulent
373 1148 607 1200 hominem,
632 1152 820 1204 surgunt
844 1145 898 1198 de
922 1151 1047 1189 nocte
1071 1144 1286 1188 latrones:

69 1217 119 1256 ut
150 1217 192 1256 te
221 1211 368 1268 ipsum
396 1223 549 1261 serves,
579 1223 668 1252 non
696 1205 1044 1264 expergisceris?
1083 1204 1207 1261 atqui

68 1272 106 1316 si
131 1271 251 1316 noles
272 1285 416 1322 sanus,
439 1283 582 1314 curres
605 1267 895 1324 hydropicus3
927 1271 971 1309 et
992 1266 1040 1309 ni

69 1347 216 1389 posces
244 1336 346 1375 ante
373 1329 491 1374 diem
516 1328 682 1372 librum
710 1343 810 1371 cum
836 1326 1018 1379 lumine,
1048 1325 1084 1369 si
1114 1341 1201 1368 non
1389 1340 1425 1366 35

70 1391 269 1436 intendes
301 1390 498 1436 animum
526 1388 688 1433 studiis
717 1393 760 1432 et
789 1386 917 1431 rebus
947 1385 1153 1438 honestis,

70 1452 255 1496 invidie
270 1450 338 1495 vel
364 1465 509 1508 amore
534 1448 648 1506 vigil
675 1447 943 1505 torquebere,
982 1462 1083 1490 nam
1112 1461 1188 1489 cur

71 1527 183 1570 quae
210 1511 392 1555 laedunt
415 1509 602 1561 oculum,
629 1507 816 1552 festinas
841 1507 1037 1551 demere:
1070 1505 1218 1563 siquid

72 1578 136 1616 est
166 1571 380 1623 animum,
409 1569 573 1614 differs
602 1568 785 1613 curandi
815 1574 987 1625 tempus
1015 1567 1064 1610 in
1092 1566 1293 1610 annum?

166 1687 401 1737 &amn
491 1687 676 1736 &RQ

168 1796 220 1834 25
245 1797 288 1834 ob
318 1807 393 1833 rem
422 1796 532 1841 affert
561 1795 658 1832 Serv.
688 1795 780 1831 Aen.
808 1797 842 1838 7,
862 1797 910 1831 19
1019 1792 1071 1828 26
1103 1792 1226 1828 amica
1256 1791 1337 1827 luto
1369 1803 1431 1828 sus

73 1847 117 1883 ob
153 1858 228 1883 rem
267 1845 364 1882 Serv.
401 1845 493 1881 Aen.
525 1846 567 1888 8,
590 1846 640 1880 83
675 1854 791 1890 yeorq.
825 1846 865 1886 1,
891 1845 965 1879 400
995 1841 1088 1878 Isid.
1115 1842 1205 1889 oriy.
1232 1843 1298 1885 12,
1318 1843 1358 1884 1,
1382 1842 1433 1876 25

73 1894 140 1931 27.
167 1893 217 1930 28
243 1894 287 1930 ob
310 1903 389 1940 qen.
415 1891 564 1929 Alcinoi
589 1892 705 1928 Prisc.
735 1894 769 1935 6,
789 1893 839 1927 88
858 1902 889 1938 p
918 1893 1011 1935 273,
1031 1893 1063 1927 3.
1098 1892 1132 1934 7,
1151 1891 1201 1926 12
1223 1900 1260 1935 p.
1279 1891 1368 1935 295,
1387 1890 1435 1924 17

74 1942 125 1979 28
150 1941 356 1980 nebulones
373 1961 419 1968 —-
437 1939 613 1977 iuventus
632 1940 676 1976 ob
697 1940 887 1976 Phaeacas
906 1939 1043 1986 Porph.
1065 1939 1114 1974 ad
1132 1938 1235 1983 epist.
1257 1941 1290 1982 1,
1310 1940 1369 1981 15,
1385 1939 1435 1973 24

74 1991 124 2027 81
152 2001 282 2026 curam
299 1988 409 2045 (DQ)
433 1989 568 2035 Porph.
590 1990 630 2033 (i.
650 1988 758 2024 schol.
780 1990 846 2032 P),
872 1998 1045 2023 somnum
1064 1998 1109 2022 ex
1126 1987 1248 2034 glossa
1267 1986 1308 2021 E
1316 1985 1435 2028 Goth„

75 2039 119 2076 de
144 2037 284 2075 Bland.
310 2038 406 2074 mm
428 2041 579 2074 constat.
619 2037 746 2083 ayitur
776 2036 820 2072 de
849 2036 974 2072 studio
999 2035 1076 2071 veri
1101 2035 1255 2080 bonique
1279 2035 1436 2081 ‘neglecto

123 2086 335 2124 cessantem
358 2085 495 2121 ducere
515 2096 686 2121 somnum
707 2096 729 2124 ς
749 2085 905 2132 Bentley
924 2094 1032 2129 quam
1053 2083 1249 2128 falsissime
1321 2081 1372 2117 32
1393 2082 1437 2118 ob

78 2135 125 2171 de
162 2136 274 2171 nocte
303 2133 401 2171 Serv.
425 2145 545 2182 yeorq.
571 2137 612 2177 1,
629 2135 718 2176 287,
754 2132 800 2176 cf.
830 2131 935 2179 Cot-p.
962 2132 1029 2168 IV
1049 2133 1148 2167 1902
1245 2130 1438 2166 hominem

75 2182 187 2268 (Ξαζιέ
217 2181 376 2226 Βῑαπᾶ.,
412 2181 582 2218 homines
614 2193 636 2221 ς
677 2181 809 2226 (Serv.)
920 2181 1080 2226 surgunt
1103 2179 1152 2263 ἓ
1168 2179 1236 2227 Θ,
1274 2177 1439 2225 uigilant

78 2236 96 2275 (
184 2233 210 2277 .)
332 2229 384 2266 38
415 2230 523 2276 atqui
547 2230 612 2277 Q),
638 2231 752 2275 atque
777 2229 828 2277 Θ
853 2228 991 2265 Bland.
1143 2226 1165 2263 4
1197 2226 1303 2263 noles
1327 2226 1440 2274 ῶρῡ

79 2279 234 2324 Biana„
259 2277 358 2314 nolis
382 2278 422 2315 21
519 2289 643 2314 curres
667 2277 778 2325 (DQ
796 2277 944 2325 mand.
963 2277 1072 2313 schol.-
1092 2276 1173 2320 PV,
1199 2286 1304 2311 cures
1326 2275 1440 2310 Ἑλῑὸ

78 2327 132 2364 86
155 2326 334 2364 Intende·
410 2326 462 2375 (ᾧ
479 2326 587 2363 schol.
611 2326 689 2370 PV,
714 2324 916 2361 Intendsns
942 2325 1013 2362 Ru
1086 2323 1137 2360 38
1163 2323 1313 2360 oculum
1333 2322 1440 2371 ΕΘ,

79 2374 208 2412 oculos
232 2373 320 2412 aA'
370 2376 440 2412 oth.
468 2387 490 2414 ς
562 2374 595 2410 si
620 2373 713 2419 quid
737 2372 859 2421 φῶ,
885 2372 917 2409 si
943 2372 1043 2418 quod
1070 2372 1153 2408 Fu
