1586 2514
210 98 299 141 284
742 99 889 135 EPIST.
915 99 929 134 1
958 104 1012 136 18.
1039 123 1041 125 ·

262 197 533 242 adversarius
559 204 623 243 est
648 199 801 251 frater,
830 199 947 244 lacus
974 199 1159 251 Hadria,
1187 199 1320 243 donec

262 256 522 301 alterutrum
548 257 672 301 velox
699 258 895 302 Victoria
922 258 1078 302 fronde
1105 263 1290 313 coronet.

208 331 242 358 05
261 317 501 360 consentire
531 317 622 361 suis
652 317 810 361 studiis
840 318 918 374 qui
949 316 1180 361 crediderit
1210 323 1253 361 te

263 375 427 428 fautor,
453 382 637 433 utroque
661 383 782 420 tuom
806 377 1005 420 laudabit
1030 376 1187 433 pollice
1209 376 1376 420 ludum.

261 435 461 490 protinus
487 441 538 479 ut
562 451 760 480 moneam
790 434 956 493 (siquid
981 435 1210 480 monitoris
1235 435 1372 493 eges),
1399 442 1448 480 tu

260 494 368 550 quid
393 495 446 537 de
472 510 642 552 quoque
667 495 762 539 viro
788 501 832 539 et
856 495 926 539 cui
953 495 1084 547 dicas,
1111 509 1236 551 saepe
1261 494 1421 539 videto.
1443 523 1447 526 -

262 560 605 609 percontatorem
630 555 805 611 fugito:
839 571 939 598 nam
966 554 1166 610 garrulus
1192 553 1309 598 idem
1335 560 1399 598 est

210 628 244 654 το
264 628 339 655 nec
370 614 560 657 retinent
590 615 765 670 patulae
796 614 1007 658 conmissa
1037 613 1235 657 fideliter
1265 629 1389 658 aures

262 678 304 714 et
325 673 458 716 semel
481 673 685 717 emissum
708 673 827 717 volat
849 672 1136 716 inrevocabile
1157 672 1349 716 verbum.

263 747 348 774 non
378 731 538 776 ancilla
568 738 690 776 tuom
720 733 839 776 iecur
869 732 1029 776 ulceret
1059 732 1150 776 ulla
1179 747 1337 789 puerve

262 790 378 833 intra
403 806 691 835 marmoreum
714 792 946 835 venerandi
971 791 1105 834 limen
1128 790 1273 843 amici,

261 865 314 892 ne
341 850 543 894 dominus
571 851 696 907 pueri
724 851 895 907 pulchri
922 866 1094 894 caraeve
1121 849 1290 907 puellae

211 924 243 951 75
271 924 446 952 munere
473 915 515 952 te
542 925 674 965 parvo
702 910 797 953 beet
823 915 900 953 aut
925 909 1222 953 incommodus
1249 915 1396 967 angat.

261 968 433 1023 qualem
452 969 734 1020 commendes,
755 969 887 1012 etiam
906 974 1036 1025 atque
1054 969 1187 1011 etiam
1206 969 1361 1025 aspice,
1382 983 1435 1012 ne
1453 984 1552 1016 mox

262 1026 481 1070 incutiant
505 1027 649 1071 aliena
676 1027 761 1071 tibi
789 1033 961 1084 peccata
987 1027 1209 1084 pudorem.

260 1086 462 1129 fallimur
488 1092 531 1129 et
557 1087 775 1143 quondam
802 1102 887 1130 non
914 1087 1098 1143 dignum
1125 1086 1362 1130 tradimus:
1396 1102 1498 1143 ergo

259 1160 388 1200 quem
414 1161 492 1188 sua
519 1146 647 1202 culpa
674 1151 853 1202 premet,
882 1146 1083 1202 deceptus
1111 1146 1264 1189 omitte
1292 1146 1419 1198 tueri,

207 1219 243 1245 80
263 1209 312 1247 ut
339 1204 514 1261 penitus
544 1210 711 1256 notum,
742 1205 780 1248 si
810 1210 1023 1261 temptent
1052 1204 1250 1256 crimina,
1281 1219 1419 1248 serves

261 1263 501 1319 tuterisque
527 1269 603 1307 tuo
627 1264 843 1307 fidentem
868 1263 1108 1320 praesidio:
1140 1263 1218 1320 qui

259 1322 387 1366 dente
415 1323 639 1366 Theonino
665 1339 764 1366 cum
791 1322 1137 1375 circumroditur,
1163 1322 1318 1380 ecquid

258 1381 314 1424 ad
342 1387 384 1424 tc
412 1388 510 1437 post
536 1382 667 1438 paulo
692 1388 874 1425 ventura
902 1381 1093 1438 pericula
1121 1382 1288 1425 sentis?

258 1456 359 1484 nam
385 1446 461 1484 tua
486 1457 552 1484 res
578 1441 740 1498 agitur,
767 1442 909 1497 parics
935 1456 1032 1484 cum
1058 1441 1282 1497 proximus
1307 1441 1442 1494 ardet,

206 1515 240 1542 85
260 1505 303 1542 ct
329 1500 525 1557 neglecta
550 1500 689 1543 solent
716 1500 918 1543 incendia
944 1514 1110 1543 sumere
1135 1500 1260 1543 vires.

259 1558 398 1602 dulcis
426 1559 666 1616 inexpertis
695 1559 865 1603 cultura
894 1558 1083 1616 potentis
1110 1558 1255 1612 amici,

260 1624 462 1675 expertus
491 1624 667 1662 metuet.
709 1624 771 1670 tu,
804 1618 907 1662 dum
937 1624 1013 1661 tua
1042 1618 1165 1662 navis
1196 1619 1244 1662 in
1272 1619 1363 1662 alto
1393 1624 1469 1671 cst,

259 1677 336 1720 hoc
366 1693 461 1734 age,
494 1693 547 1721 ne
579 1683 749 1721 mutata
779 1684 1012 1721 retrorsum
1044 1682 1086 1720 te
1117 1678 1234 1721 ferat
1265 1693 1382 1723 aura.

260 1736 444 1780 oderunt
468 1736 651 1780 hilarem
677 1737 821 1779 tristes
847 1737 1099 1792 tristemque
1123 1736 1269 1788 iocosi,

206 1795 456 1839 cosedatum
485 1795 652 1847 celeres,
682 1796 844 1852 agilem
873 1810 1111 1851 navomque
1139 1795 1331 1849 remissi;

299 1910 530 1958 φιαᾼἘ
621 1910 801 1958 &rm

301 2018 352 2054 69
386 2019 429 2054 ob
462 2018 677 2054 sententiam
711 2018 775 2054 dat
798 2019 897 2055 Don.
930 2019 1006 2054 Ter.
1033 2019 1120 2054 Hac.
1149 2022 1187 2062 1,
1211 2022 1254 2061 2,
1279 2021 1325 2055 34
1352 2020 1455 2063 (109)

208 2064 256 2102 74
294 2065 465 2101 dominus
501 2065 609 2110 pueri
644 2066 693 2112 Q)
721 2065 788 2113 Θ,
825 2065 932 2111 pueri
969 2064 1140 2101 dominus
1177 2067 1219 2102 Ε
1252 2067 1380 2102 lemma
1416 2066 1550 2111 Porph.

207 2113 255 2149 79
280 2114 389 2159 plane
413 2117 605 2158 corruptus
629 2113 792 2150 tradatur
816 2113 918 2159 apud
946 2113 1224 2160 qrammaticum
1249 2112 1425 2158 (Serv.?)‚
1449 2124 1552 2158 quem

202 2161 470 2206 ascripserunt
501 2160 644 2196 cledon.
669 2171 818 2207 gramm.
848 2160 881 2194 V
903 2163 970 2204 78,
989 2163 1012 2196 5
1043 2162 1177 2201 (certus
1210 2160 1342 2196 omitte
1374 2159 1484 2203 tueri)
1519 2163 1552 2196 et

203 2209 328 2254 Pomp.
360 2219 510 2255 gramm.
543 2207 577 2242 V
597 2210 691 2252 280,
719 2210 768 2244 30
805 2209 992 2254 (praesens
1029 2218 1097 2244 sua
1134 2207 1246 2254 culpa
1281 2207 1335 2243 ire
1373 2206 1549 2253 deceptus

201 2254 345 2291 omittit
369 2254 516 2299 etueri);
543 2255 692 2291 adlatus
715 2259 794 2291 erat
818 2256 860 2291 ob
886 2254 1015 2291 omitte
1143 2255 1191 2291 81
1219 2254 1394 2291 fidentem
1417 2254 1466 2302 Q)
1487 2254 1548 2302 ᾧ),

202 2303 319 2339 fidens
352 2304 408 2338 est
434 2303 535 2345 ΓΗ,
566 2302 725 2337 fidenter
749 2314 771 2341 ς
901 2302 950 2339 82
982 2303 1117 2347 ecquid
1148 2302 1269 2349 (ecqui
1300 2304 1336 2346 λ,
1367 2301 1497 2346 acquic
1522 2302 1547 2345 l)

201 2351 332 2398 Porph.
354 2352 428 2393 αΦ,
454 2351 492 2385 et
511 2349 600 2395 quid
621 2348 716 2384 A²E
723 2350 758 2385 R
831 2350 878 2385 87
907 2352 1048 2387 metuet
1067 2349 1174 2398 ΕΘ,
1194 2349 1328 2385 metuit
1346 2348 1549 2385 aA'G'oth.
