1586 2514
175 94 231 138 28
721 98 866 135 CARM.
886 99 903 135 1
924 103 978 135 16.

193 206 210 235 5
390 209 476 238 non
505 194 798 252 Dindymene,
828 213 915 241 non
942 198 1088 254 adytis
1116 199 1262 255 quatit

388 260 577 298 mentem
604 256 876 300 sacerdotum
905 257 1047 300 incola
1076 258 1278 313 Pythius,

442 329 529 357 non
555 314 690 358 Liber
716 330 864 372 aeque,
891 331 979 359 non
1006 323 1132 360 acuta

493 373 530 416 si
559 374 787 430 geminant
817 374 1087 431 Corybantes
1114 391 1225 427 aera,

388 491 533 535 tristes
562 498 611 535 ut
638 493 742 545 irae,
771 509 877 550 quas
907 510 1043 550 neque
1071 494 1258 539 Noricus

174 564 209 591 ιο
388 550 576 594 deterret
607 552 720 595 ensis
750 568 827 596 nec
857 568 974 596 mare
1005 554 1271 611 naufragum

439 625 515 653 nec
537 626 692 654 saevos
706 611 824 669 ignis
846 627 923 655 nec
948 613 1170 656 tremendo

494 670 697 727 Iuppiter
720 671 812 727 ipse
836 687 963 714 ruens
987 672 1194 715 tumultu.

384 788 529 832 fertur
558 789 842 833 Prometheus
871 789 1027 833 addere
1055 790 1247 847 principi

384 846 491 891 limo
520 854 689 892 coactus
718 849 978 904 particulam
1007 849 1199 906 undique

171 919 204 946 ιε
440 907 654 951 desectam
677 914 720 951 et
742 908 887 951 insani
909 908 1046 952 leonis

488 966 579 1009 vim
603 967 823 1010 stomacho
850 967 1098 1024 adposuisse
1123 974 1282 1011 nostro.

380 1083 472 1127 irae
493 1085 715 1141 Thyesten
734 1086 871 1129 exitio
890 1087 1013 1143 gravi

379 1148 569 1187 stravere
591 1150 634 1187 et
657 1145 759 1188 altis
782 1145 962 1189 urbibus
987 1146 1167 1189 ultimae

432 1208 589 1246 stetere
615 1219 780 1256 causae,
808 1220 884 1248 cur
907 1205 1100 1262 perirent

166 1274 202 1301 20
488 1262 693 1306 funditus
721 1263 1062 1320 inprimeretque
1089 1264 1224 1308 muris

379 1380 535 1424 hostile
561 1387 756 1425 aratrum
783 1382 996 1426 exercitus
1022 1382 1222 1427 insolens.

379 1454 582 1496 conpesce
609 1447 822 1484 mentem:
856 1456 924 1484 me
949 1457 1119 1498 quoque
1147 1441 1333 1498 pectoris

432 1499 665 1555 temptavit
688 1500 737 1543 in
761 1500 879 1543 dulci
904 1501 1080 1544 iuventa

484 1559 631 1602 fervor
657 1565 700 1602 et
726 1559 774 1602 in
799 1560 953 1603 celeres
981 1560 1148 1603 iambos

163 1688 197 1716 25
377 1676 502 1719 misit
526 1677 761 1720 furentem.
798 1694 912 1721 nunc
937 1693 1017 1734 ego
1044 1678 1227 1721 mitibus

373 1741 543 1779 mutare
574 1751 733 1792 quaero
765 1737 925 1788 tristia,
958 1737 1062 1779 dum
1094 1737 1204 1780 mihi

427 1794 516 1837 fias
542 1796 776 1843 recantatis
801 1796 941 1839 amica-

480 1854 728 1910 opprobriis
758 1855 1040 1911 animumque
1069 1855 1236 1899 reddas.

252 2050 532 2097 <9:ABDE
623 2052 805 2100 {omas

253 2155 277 2192 5
304 2156 417 2193 aditis
443 2158 581 2204 (adytis
607 2160 648 2194 E
654 2160 704 2203 R)
728 2159 777 2206 Q)
796 2159 858 2207 Θ,
884 2159 991 2205 adyti
1016 2161 1268 2197 Hemterhuie
1354 2161 1374 2197 7
1395 2163 1505 2198 muta

158 2224 201 2231 —
229 2214 317 2240 aera
341 2205 384 2241 ob
404 2207 515 2241 acuta
532 2207 639 2242 schol.
661 2209 739 2242 ΑΓ
761 2218 871 2243 carm.
892 2210 926 2250 1,
945 2209 1004 2251 34,
1023 2209 1070 2243 15
1165 2206 1189 2243 8
1216 2207 1254 2242 Si
1273 2208 1319 2243 u¹
1338 2209 1503 2257 Bentley,

158 2250 218 2287 Sic
242 2252 291 2298 Θ
313 2252 364 2299 Θ
389 2253 509 2297 (schol.
537 2254 628 2298 ΑΓ)
731 2254 880 2290 15-28
905 2265 992 2290 om.
1018 2256 1061 2290 Β
1164 2254 1213 2291 18
1238 2255 1396 2291 altis—
1419 2256 1503 2292 fun-

156 2298 258 2334 ditus
296 2300 339 2335 ob
376 2311 440 2335 cur
470 2301 664 2337 relativum
694 2303 810 2337 Prisc.
838 2305 895 2346 17,
914 2305 962 2337 49
988 2313 1027 2347 p.
1049 2305 1132 2347 137,
1150 2305 1200 2338 25
1301 2302 1353 2339 20
1386 2304 1501 2350 inpri-

155 2347 277 2393 m<er
266 2350 405 2394 >etque
432 2369 475 2374 —
503 2350 667 2383 aratrum
695 2349 737 2384 ob
761 2361 835 2385 rem
860 2330 956 2385 S’erv.
983 2350 1074 2386 Aen.
1094 2353 1129 2394 4,
1145 2352 1220 2386 212
