1586 2514
595 85 740 124 CARM.
767 86 818 121 111
844 90 876 121 3.
1361 86 1412 127 77

271 184 350 230 hac
380 193 422 230 te
450 192 702 237 merentem,
736 185 902 228 Bacche
931 193 1067 241 pater.
1099 193 1199 228 tuae

269 260 423 290 vexere
447 245 584 303 tigres
609 245 792 289 indocili
817 244 975 301 iugum

323 305 435 349 collo
464 305 698 357 trahentes,
729 305 808 348 hac
837 304 1053 360 Quirinus
1381 320 1414 346 15

377 365 542 409 Martis
570 365 694 422 equis
722 364 976 408 Acheronta
1005 364 1142 420 fugit,

268 455 447 506 gratum
473 448 643 493 elocuta
667 448 1003 492 consiliantibus

270 507 439 553 Iunone
470 507 610 552 divis:
651 507 787 560 ‘llion,
822 508 941 552 Ilion

323 568 477 612 fatalis
503 568 779 626 incestusque
806 568 938 612 iudex

377 634 422 672 et
444 627 604 672 mulier
628 628 860 685 peregrina
883 629 1016 672 vertit
1378 643 1414 670 20

268 711 319 756 in
342 711 579 768 pulverem,
607 727 659 755 ex
683 726 771 768 quo
796 711 1001 755 destituit
1025 712 1127 755 deos

269 771 464 815 mercede
492 777 619 828 pacta
649 771 915 823 Laomedon,
946 772 1058 815 mihi

322 836 548 888 castaeque
576 831 835 882 damnatum
863 831 1093 875 Minervae

376 906 475 934 cum
498 890 661 948 populo
685 896 729 934 et
751 890 859 934 duce
883 891 1182 935 fraudulento.

267 974 358 1017 iam
386 989 463 1017 nec
491 973 713 1018 Lacaenae
739 974 939 1030 splendet
966 974 1190 1018 adulterae
1377 990 1412 1017 25

268 1033 465 1077 famosus
490 1033 643 1090 hospes
668 1049 745 1077 nec
772 1034 944 1077 Priami
970 1034 1125 1077 domus

320 1093 498 1149 periura
524 1093 738 1150 pugnacis
766 1093 960 1137 Achivos

376 1152 604 1196 Hectoreis
633 1153 792 1210 opibus
821 1154 1034 1210 refringit

266 1236 513 1293 nostrisque
536 1236 717 1280 ductum
741 1236 1033 1280 seditionibus

267 1295 432 1339 bellum
458 1296 641 1350 resedit3
675 1296 878 1353 protinus
904 1303 946 1340 et
971 1297 1117 1353 gravis
1377 1313 1412 1340 30

320 1355 408 1399 iras
434 1361 478 1399 et
503 1355 696 1400 invisum
721 1362 938 1413 nepotem,

375 1415 533 1460 Troica
557 1431 688 1473 quem
715 1416 887 1473 peperit
910 1417 1121 1460 sacerdos.

265 1498 408 1542 Marti
432 1498 674 1552 redonabo;
706 1499 835 1543 illum
858 1515 939 1556 ego
962 1500 1130 1544 lucidas

266 1558 381 1601 inire
405 1558 540 1610 sedes,
567 1558 730 1602 discere
755 1560 943 1614 nectaris

317 1633 442 1661 sucos
464 1623 508 1661 et
529 1618 719 1661 adscribi
741 1619 905 1675 quietis
1375 1637 1409 1663 3⁵

374 1677 603 1721 ordinibus
624 1678 770 1735 patiar
791 1679 984 1722 deorum.

265 1759 372 1803 dum
399 1760 557 1817 longus
584 1761 700 1804 inter
726 1762 892 1805 saeviat
920 1763 1037 1806 Ilion

265 1819 540 1877 Romamque
567 1826 742 1878 pontus,
773 1822 972 1878 qualibet
1000 1823 1168 1867 exsules

320 1879 368 1922 in
392 1886 516 1936 parte
541 1886 754 1937 regnanto
778 1881 919 1935 beati;

373 1939 478 1982 dum
509 1939 679 1984 Priami
710 1940 973 1998 Paridisque
1004 1943 1130 1986 busto
1375 1960 1410 1986 ιο

143 2030 319 2079 &AB
410 2031 594 2081 (13:34⁵

147 2115 231 2151 inde
255 2127 281 2151 a
305 2127 410 2152 versu
438 2116 483 2152 17
511 2116 627 2161 fuisse
674 2119 717 2153 ui
740 2119 833 2154 male
858 2129 986 2154 novom
1010 2130 1158 2156 carnum
1183 2121 1413 2166 seiunyerem

50 2165 178 2198 auctor
200 2167 252 2199 eat
275 2163 338 2200 Pe.
365 2165 500 2210 Porph.
625 2165 643 2200 1
705 2165 801 2201 Ilion
825 2187 873 2192 —
898 2166 1011 2203 iudex
1035 2169 1078 2203 ob
1111 2168 1240 2203 fatalis
1266 2167 1413 2204 adhibet

52 2210 185 2256 Por-ph.
205 2211 307 2256 epist.
327 2214 363 2255 2,
378 2215 411 2256 1,
426 2216 470 2248 11
568 2212 619 2248 23
645 2213 862 2250 damnatam
883 2216 1038 2263 Bentley
1135 2214 1188 2251 34
1208 2216 1412 2264 discere&

50 2257 175 2304 Porph
187 2285 199 2302 ,
223 2259 267 2295 de
283 2259 333 2306 (D
350 2272 426 2296 mm
445 2264 540 2296 certo
558 2265 710 2305 constat,
735 2263 826 2307 quia
845 2262 948 2298 A’E
970 2264 1114 2309 quidem
1140 2264 1233 2300 dant
1257 2264 1411 2307 discere,

50 2309 90 2340 at
113 2306 214 2342 A¹u
244 2306 396 2352 ducere,
434 2309 531 2354 quod
567 2310 676 2345 etiam
710 2310 817 2346 schol.
846 2313 880 2345 Γ
906 2312 1066 2356 explicat
1187 2311 1235 2346 87
1270 2312 1412 2347 saeviet

51 2353 265 2401 Peerlkamp
