1586 2514
480 123 486 130 .
568 89 709 126 SERM.
736 89 771 125 11
798 94 828 126 1.
1310 87 1395 130 211

36 189 171 234 flebit
194 195 239 234 et
265 189 455 247 insignis
479 195 572 233 tota
596 188 847 233 cantabitur
871 188 999 232 Vrbe.

37 249 219 294 Cervius
249 250 389 294 iratus
419 250 536 307 leges
564 249 798 293 minitatur
826 254 871 292 et
900 264 1069 300 urnam,

37 309 229 354 Canidia
257 309 437 362 Albuci,
469 309 628 367 quibus
657 315 722 352 est
749 307 944 360 inimica,
975 323 1202 359 venenum,

35 369 203 427 grande
230 369 396 413 malum
428 369 604 422 Turius,
634 368 781 426 siquid
810 384 854 412 se
882 367 1028 412 iudice
1057 374 1203 412 certes.

37 435 88 474 ut
108 443 196 487 quo
219 429 404 486 quisque
425 429 542 473 valet
563 435 781 486 suspectos
805 434 965 472 terreat
988 434 1122 485 utque
1357 443 1394 469 50

37 489 224 546 imperet
253 489 332 533 hoc
362 495 520 533 natura
548 495 714 546 potens,
745 489 806 532 sic
834 488 993 545 collige
1022 503 1204 531 mecum.

37 549 167 593 dente
193 549 338 606 lupus,
369 564 503 593 cornu
531 555 680 593 taurus
709 549 846 605 petit:
883 548 997 591 unde
1025 548 1113 592 nisi
1140 548 1260 591 intus

38 610 364 653 monstratum?
401 609 585 653 Scaevae
613 609 805 652 vivacem
829 608 954 652 crede
981 608 1131 665 nepoti

37 674 247 713 matrem:
284 669 350 712 nil
380 669 519 713 faciet
543 668 715 712 sceleris
744 669 820 726 pia
849 668 1028 712 dextera
1061 667 1259 723 (mirum,

35 731 86 771 ut
96 743 235 785 neque
254 730 366 772 calce
385 729 512 785 lupus
534 742 788 785 quemquam
807 742 944 784 neque
962 728 1086 771 dente
1100 731 1209 784 petit
1228 727 1336 784 bos),
1363 743 1397 771 ⁶5

36 789 111 833 sed
139 789 256 833 mala
285 789 412 833 tollet
437 805 570 834 anum
597 788 757 833 vitiato
785 788 913 833 melle
941 789 1097 833 cicuta.

37 865 92 893 ne
116 849 300 907 longum
329 850 517 893 faciam:
548 865 624 893 seu
651 865 719 892 me
746 849 988 906 tranquilla
1014 855 1210 893 senectus

37 916 260 967 exspectat
285 925 360 954 seu
390 924 506 954 mors
531 910 639 954 atris
667 910 951 954 circumvolat
977 909 1074 962 alis,

37 969 171 1022 dives,
198 970 340 1027 inops,
370 970 537 1014 Romae
560 985 635 1014 seu
661 970 754 1013 fors
780 970 846 1013 ita
870 969 1048 1014 iusserit
1072 970 1209 1022 exsul,

37 1029 239 1088 quisquis
266 1030 352 1074 erit
379 1029 497 1074 vitae
522 1029 710 1074 scribam
739 1029 884 1074 color?
923 1029 962 1074 ‘o
990 1045 1112 1087 puer,
1141 1035 1191 1074 ut
1219 1029 1278 1073 sis
1360 1045 1395 1072 eo

36 1090 188 1134 vitalis
218 1095 366 1134 metuo
398 1095 443 1134 et
470 1089 688 1135 maiorum
719 1091 873 1148 nequis
903 1090 1072 1134 amicus

37 1149 208 1207 frigore
234 1155 278 1194 te
305 1149 471 1194 feriat.'
506 1149 664 1208 ‘quid?
690 1165 789 1194 cum
815 1156 881 1194 est
907 1150 1108 1194 Lucilius
1134 1165 1264 1194 ausus

37 1209 208 1267 primus
238 1210 287 1254 in
319 1210 434 1254 hunc
463 1210 605 1268 operis
636 1225 876 1268 conponere
905 1210 1102 1254 carmina
1133 1226 1311 1262 morem,

37 1270 264 1314 detrahere
289 1276 335 1314 et
362 1269 534 1328 pellem,
562 1270 733 1314 nitidus
759 1286 847 1328 qua
873 1271 1057 1328 quisque
1084 1286 1162 1328 per
1188 1286 1262 1314 ora

37 1329 221 1382 cederet,
252 1330 492 1376 introrsum
522 1331 691 1388 turpis:
729 1347 835 1375 num
866 1330 1046 1375 Laelius
1075 1337 1153 1375 aut
1182 1331 1259 1388 qui
1361 1346 1395 1373 65

38 1390 170 1434 duxit
195 1390 250 1434 ab
279 1405 485 1449 oppressa
508 1391 717 1435 meritum
747 1390 1027 1449 Karthagine
1053 1406 1211 1436 nomen

38 1450 220 1508 ingenio
246 1450 415 1495 offensi
443 1457 521 1496 aut
546 1451 662 1495 laeso
689 1451 865 1495 doluere
892 1451 1078 1495 Metello

38 1509 309 1568 famosisque
338 1509 467 1580 Eupo
498 1517 700 1569 cooperto
729 1511 960 1556 versibus?
1000 1512 1125 1569 atqui

38 1570 252 1628 primores
275 1570 430 1629 populi
454 1571 646 1629 arripuit
669 1571 967 1629 populumque
992 1570 1213 1624 tributim,

37 1630 207 1675 scilicet
228 1630 308 1675 uni
330 1645 490 1689 aequos
508 1631 668 1675 virtuti
690 1638 821 1689 atque
843 1631 936 1676 eius
957 1632 1123 1676 amicis.
1363 1648 1398 1675 70

37 1690 150 1748 quin
170 1690 247 1735 ubi
267 1706 313 1735 se
333 1706 360 1735 a
377 1690 507 1749 volgo
527 1697 571 1736 et
590 1707 743 1736 scaena
763 1692 810 1736 in
831 1698 994 1737 secreta
1015 1698 1236 1736 remorant

38 1750 180 1795 virtus
208 1749 441 1808 Scipiadae
469 1756 514 1795 et
539 1751 663 1795 mitis
689 1751 907 1809 sapientia
935 1752 1076 1805 Laeli,

41 1810 201 1868 nugari
227 1826 326 1855 cum
353 1810 435 1856 illo
457 1817 503 1855 et
525 1811 729 1856 discincti
755 1811 919 1866 ludere,
947 1812 1081 1856 donec

40 1870 352 1928 decoqueretur
371 1869 510 1924 holus,
533 1871 669 1916 soliti.
691 1872 911 1930 quidquid
930 1888 1027 1917 sum
1038 1888 1133 1931 ego,
1145 1872 1345 1930 quamvis

42 1931 166 1975 inira
190 1929 340 1975 Lucili
366 1946 540 1976 censum
564 1932 895 1990 ingeniumque,
922 1939 1069 1977 tamen
1095 1949 1163 1977 me
1366 1949 1400 1976 π

133 2012 406 2060 &anax
500 2012 634 2061 (13:4⁵

134 2082 187 2121 4⁹
216 2084 337 2120 turias
361 2083 471 2121 DF).
592 2084 624 2120 si
656 2085 748 2131 quid
780 2098 808 2122 s.
830 2086 853 2122 i.
875 2088 995 2124 certes
1020 2086 1109 2130 αΕ,
1141 2086 1172 2121 si
1205 2086 1290 2131 quis
1323 2098 1353 2123 s:
1378 2086 1401 2122 i.

39 2133 159 2169 certat
182 2132 275 2169 DK
280 2134 312 2168 Φ
384 2131 434 2169 52
460 2132 710 2170 Mousti-atum
731 2135 806 2182 (ᾗ),
826 2135 961 2181 Por-ph.
983 2135 1025 2179 (i.
1045 2135 1152 2171 schol.
1175 2134 1274 2179 FV),
1296 2134 1403 2170 Mon-

39 2181 197 2218 snat-m
218 2181 293 2225 Fl,
313 2181 402 2216 Kn.
417 2181 440 2216 1.
514 2180 565 2217 55
591 2182 690 2228 petit
707 2183 799 2230 (Da,
824 2184 932 2230 petat
958 2182 1015 2219 Fl
1088 2182 1139 2219 5ss
1158 2182 1261 2218 mala
1279 2182 1401 2231 (DQ,

40 2228 138 2266 male
157 2229 198 2265 E
204 2241 226 2269 ς
300 2226 352 2264 64
370 2239 438 2275 per
456 2240 523 2266 ora
542 2228 700 2267 Cederet
717 2230 838 2280 ῶρῇ,
864 2242 932 2278 per
951 2241 1017 2267 ora
1035 2230 1264 2267 in—Cederet
1285 2232 1402 2268 Hein-

2 2291 3 2294 ¹
37 2278 118 2314 siue
140 2282 176 2314 et
196 2277 251 2314 sic
274 2277 429 2321 fortasse
453 2278 562 2314 etiam
588 2278 725 2325 leyebat
749 2280 899 2325 Porph„
923 2281 970 2325 cf.
990 2280 1097 2316 schol.
1114 2279 1403 2325 PVp.123,23

1 2335 4 2343 ’
40 2324 92 2362 ⁸5
117 2326 186 2361 aut
209 2324 349 2373 αΕΕι),
374 2327 414 2360 et
438 2325 555 2366 DKg
634 2326 686 2364 68
714 2328 820 2374 atqui
844 2329 936 2376 (92,
964 2329 1003 2363 et
1028 2327 1093 2373 qui
1119 2328 1175 2363 Fl
1260 2327 1312 2363 69
1336 2327 1402 2363 tri-

39 2372 163 2410 batim
185 2372 316 2421 als&
340 2373 514 2418 (mand.)
543 2374 692 2422 Porph„
716 2376 901 2412 tributum
927 2376 1042 2416 EDs-

1117 2436 1214 2486 14⁸³¹
