1586 2514
581 84 727 122 GARM.
753 83 789 119 11
814 87 846 121 8.
867 87 900 120 9.
1360 81 1416 124 57

267 185 381 230 adde
403 184 523 243 quod
546 184 684 242 pubes
707 182 795 227 tibi
818 182 973 227 crescit
997 182 1141 227 omnis
1193 218 1195 220 ,

265 245 456 291 servitus
482 244 638 289 crescit
664 258 777 288 nova
802 257 880 287 nec
906 242 1074 300 priores

267 305 418 363 inpiae
443 310 610 349 tectum
633 303 840 348 dominae
863 302 1131 360 relinquont,

319 380 450 422 saepe
473 364 648 408 minati.
1378 374 1416 403 ao

268 467 313 506 te
336 460 432 505 suis
459 466 623 505 matres
646 463 852 504 metuont
877 457 1087 510 iuvencis,

269 526 313 565 te
336 535 460 565 senes
485 519 607 578 parci
634 519 905 574 miseraeque
929 532 1070 575 nuper

265 579 464 638 virgines
489 585 668 637 nuptae,
695 584 774 622 tua
798 592 853 621 ne
878 577 1071 621 retardet

321 655 431 685 aura
456 639 652 685 maritos.

650 799 814 843 VIIII.

270 879 376 923 Non
400 893 572 935 semper
595 877 761 921 imbres
788 875 980 920 nubibus
1008 875 1205 933 hispidos

267 943 451 982 manant
472 937 522 981 in
542 952 673 995 agros
697 942 776 981 aut
800 950 920 979 mare
944 935 1156 992 Caspium

320 1003 484 1042 vexant
509 997 761 1054 inaequales
787 994 1003 1053 procellae

378 1072 514 1114 usque
539 1072 617 1101 nec
642 1055 873 1100 Armeniis
898 1055 948 1098 in
971 1055 1074 1107 oris,

269 1151 409 1197 amice
436 1151 584 1209 Valgi,
611 1158 702 1198 stat
730 1151 893 1209 glacies
920 1150 1038 1194 iners
1398 1166 1416 1192 ο

269 1211 432 1256 mensis
459 1227 538 1269 per
564 1212 707 1256 omnis
735 1217 814 1256 aut
842 1210 1124 1268 aquilonibus

319 1277 525 1330 querceta
547 1271 748 1329 Gargani
771 1271 974 1315 laborant

376 1337 421 1376 et
446 1331 573 1376 foliis
597 1332 841 1375 viduantur
868 1330 989 1374 orni:

268 1432 319 1471 tu
343 1441 516 1484 semper
542 1442 672 1484 urges
698 1425 931 1470 flebilibus
958 1425 1101 1469 modis

268 1486 453 1544 Mysten
476 1486 734 1544 ademptum
758 1501 836 1530 nec
860 1485 947 1529 tibi
971 1499 1149 1542 vespero
1382 1500 1417 1527 ιο

321 1551 530 1604 surgente
554 1546 773 1590 decedunt
799 1560 968 1590 amores

378 1621 456 1650 nec
481 1606 690 1664 rapidum
717 1606 923 1664 fugiente
948 1604 1099 1649 solem.

270 1706 318 1746 at
344 1716 434 1746 non
459 1707 526 1745 ter
551 1715 656 1745 aevo
683 1701 865 1745 functus
892 1699 1129 1744 amabilem

269 1760 464 1819 ploravit
488 1761 631 1805 omnis
655 1760 950 1805 Antilochum
976 1775 1107 1804 senex

320 1823 459 1865 annos
487 1836 565 1865 nco
593 1820 806 1878 inpubem
835 1826 1038 1878 parentes
1381 1836 1417 1863 ιε

381 1880 565 1924 Troilon
591 1886 670 1924 aut
697 1880 925 1938 Phrygiae
951 1895 1118 1923 sorores

149 1985 431 2034 QzABDE
523 1984 703 2033 (rDzRQ

151 2080 200 2118 21
221 2080 391 2118 iuvencis
409 2081 571 2127 explicat
586 2081 694 2118 schol.
714 2081 807 2117 Bob.
826 2091 980 2128 qramm.
1001 2080 1083 2116 VII
1098 2082 1211 2124 544‚5
1284 2079 1335 2116 28
1354 2082 1422 2116 tua

58 2149 102 2158 --
133 2127 291 2166 marito·
320 2129 415 2166 male
445 2130 706 2175 interpretatus
737 2138 830 2164 aura
866 2139 934 2174 pro
963 2127 1153 2174 splendore
1183 2128 1293 2172 affert
1321 2127 1420 2166 Serv.

57 2177 150 2214 Aen.
177 2179 299 2222 6,.904
411 2177 581 2213 retardet
611 2187 704 2212 aura
727 2177 777 2224 G)
793 2175 845 2224 ᾧ)
869 2177 1005 2223 ΡοτῬῙι.
1033 2174 1130 2212 Serv.
1158 2176 1221 2220 (cf.
1247 2176 1359 2222 Prop.
1384 2178 1422 2221 2,

56 2227 217 2271 27,16),·
241 2224 437 2261 retardent
459 2235 527 2261 ors
558 2225 692 2262 Usener

153 2272 179 2310 θ
222 2272 243 2310 7
281 2273 461 2318 quoi-oet·
491 2273 636 2316 ΒΕΦ,
673 2274 883 2317 querqueto
906 2272 1067 2309 ABRae
1190 2271 1239 2308 10
1276 2282 1346 2308 nec
1376 2292 1421 2300 -

59 2320 110 2367 12
136 2296 264 2377 ⁸solem
299 2320 407 2358 schol.
441 2320 535 2358 Stat.
572 2321 677 2356 Theb.
711 2323 753 2365 6,
771 2322 847 2357 239
884 2318 1078 2366 (Horatius
1109 2319 1317 2366 Vesper-um
1353 2331 1422 2366 pro

57 2368 229 2406 Lus-fero
246 2369 399 2415 posuit).
499 2368 547 2404 11
575 2368 764 2404 decedunt
780 2368 830 2415 (D
841 2367 893 2416 (ι’-ι)
911 2369 1034 2413 (schol.
1047 2367 1172 2412 stam,
1191 2367 1331 2404 cedunt
1345 2367 1423 2404 ΦΒ
