1586 2514
196 102 252 144 92
718 103 863 141 CARM.
888 104 939 141 111
959 109 1013 141 11.

407 201 632 254 Cerberus,
661 203 860 259 quamvis
887 203 1049 247 furiale
1077 209 1248 248 centum

406 261 610 305 muniant
639 277 802 319 angues
831 269 964 319 caput
992 263 1085 307 eius
1114 269 1244 320 atque

404 320 589 376 spiritus
619 327 757 364 taeter
785 322 1009 378 saniesque
1040 328 1184 366 manet

193 394 230 422 20
459 394 532 423 ore
555 380 786 437 trilingui;

405 486 516 554 quin
540 493 584 530 et
610 487 742 531 Ixion
769 488 1009 545 Tityosque
1034 489 1153 532 voltu

405 545 506 588 risit
533 546 688 599 invito,
719 546 842 590 stetit
872 563 980 591 urna
1010 548 1189 605 paulum

404 604 531 657 sicca,
564 605 670 649 dum
702 611 828 662 grato
861 606 1008 651 Danai
1041 607 1207 663 puellas

457 665 648 709 carmine
676 666 849 709 mulces.

190 785 223 812 26
402 771 557 814 audiat
586 772 710 828 Lyde
738 772 875 815 scelus
904 786 1034 829 atque
1064 780 1187 816 notas

402 830 628 886 virginum
660 846 817 887 poenas
849 837 892 874 et
922 831 1051 875 inane
1084 832 1288 889 lymphae

403 889 572 932 dolium
598 890 739 933 fundo
765 891 985 946 pereuntis
1011 891 1100 934 imo

454 964 634 1005 seraque
660 950 770 1001 fata,

400 1070 510 1111 quae
539 1063 717 1099 manent
745 1057 893 1113 culpas
922 1056 1055 1099 etiam
1085 1057 1164 1100 sub
1194 1056 1318 1100 Orco.

186 1128 223 1155 so
401 1114 550 1171 inpiae
579 1130 681 1158 nam
714 1114 841 1172 (quid
871 1122 1048 1172 potuere
1078 1117 1219 1160 maius
1235 1116 1292 1171 Ρ),

395 1173 545 1230 inpiae
574 1189 752 1231 sponsos
783 1180 960 1231 potuere
991 1175 1100 1219 duro

452 1233 630 1289 perdere
653 1235 784 1277 ferro.

397 1354 483 1383 una
510 1339 563 1383 de
591 1340 743 1384 multis
770 1341 867 1384 face
894 1341 1086 1396 nuptiali

398 1398 534 1455 digna
565 1399 788 1455 periurum
818 1400 910 1443 fuit
939 1400 986 1442 in
1016 1406 1238 1455 parentem

185 1471 220 1498 ³5
396 1458 625 1513 splendide
654 1459 838 1501 mendax
867 1464 910 1501 et
938 1458 985 1501 in
1016 1474 1141 1502 omne
1168 1460 1293 1516 virgo

451 1517 611 1561 nobilis
636 1533 798 1569 aevom,

398 1623 553 1680 ‘surge'
583 1639 692 1681 quae
720 1624 837 1667 dixit
864 1624 1010 1667 iuveni
1042 1625 1214 1677 marito,

398 1682 552 1739 ‘surge,
585 1699 639 1726 ne
668 1683 824 1740 longus
854 1683 939 1726 tibi
970 1698 1144 1727 somnus
1174 1685 1287 1728 unde

399 1757 485 1784 non
513 1742 640 1785 times
669 1743 819 1794 detur;
857 1757 1049 1786 socerum
1079 1749 1121 1786 et
1149 1743 1345 1788 scelestas

185 1814 220 1841 ιο
451 1801 558 1844 falle
586 1816 764 1853 sorores,

394 1922 504 1963 quae
535 1908 654 1951 velut
685 1914 835 1951 nactae
866 1909 1026 1952 vitulos
1058 1909 1230 1953 leaenae

393 1967 591 2022 singulos
617 1967 724 2010 eheu
750 1967 964 2011 lacerant:
997 1983 1077 2024 ego
1103 1968 1195 2012 illis

397 2026 570 2068 mollior
598 2041 674 2069 nec
702 2033 743 2069 te
772 2027 929 2070 feriam
959 2042 1095 2082 neque
1123 2027 1240 2071 intra

448 2084 636 2128 claustra
665 2085 830 2128 tenebo.

276 2207 501 2252 (13:113ss
593 2207 774 2255 ρῇαῑφ

277 2319 345 2365 11,
369 2318 417 2354 18
455 2320 534 2355 eius
573 2322 687 2364 atque
715 2321 763 2366 Θ
785 2320 852 2367 Θ,
896 2321 1076 2366 exeatque
1114 2322 1283 2367 Bentley,
1327 2319 1528 2365 effluatque

183 2360 339 2402 Gesner
415 2366 465 2402 38
492 2388 536 2392 —
563 2366 671 2402 detur
696 2369 736 2402 in
761 2379 868 2403 suum
892 2379 1000 2404 usum
1024 2369 1132 2404 vertit
1154 2368 1455 2412 Auson.151,15
