1586 2514
633 107 780 144 EPIST.
805 107 823 144 1
843 112 874 144 1.
1349 106 1435 150 251

11 226 20 257 1
79 213 124 253 et
152 209 265 263 mihi
290 225 370 262 res,
398 223 486 252 non
512 223 581 252 me
606 207 734 251 rebus
761 206 1023 264 subiungere
1050 222 1192 250 conor.

79 274 130 313 ut
151 283 238 313 nox
258 269 391 325 longa
411 267 571 325 quibus
592 267 804 310 mentitur
825 267 965 311 amica
986 267 1164 324 diesque
1398 281 1435 309 20

18 382 19 387 ¹
78 328 211 386 longa
238 327 414 372 videtur
441 342 548 385 opus
575 326 848 379 debentibus,
878 333 927 371 ut
954 327 1080 385 piger
1108 341 1247 370 annus

77 387 276 446 pupillis,
303 402 408 445 quot
434 387 545 432 dura
567 387 728 444 premit
752 387 950 431 custodia
973 393 1189 431 matrum:

77 447 140 492 sic
164 447 277 492 mihi
300 447 426 492 tarda
448 447 599 493 fluont
621 446 882 504 ingrataque
905 453 1103 504 tempora
1126 462 1237 504 quae
1260 462 1380 504 spem

78 507 397 564 consiliumque
424 512 651 552 morantur
676 507 837 564 agendi
863 507 1033 551 naviter
1059 506 1106 550 id
1133 506 1250 564 quod

77 583 212 626 aeque
240 567 520 625 pauperibus,
547 567 723 624 prodest
747 567 1039 624 locupletibus
1064 582 1212 624 aeque,
1399 582 1434 610 25

66 643 212 685 aeque
242 627 488 684 neglectum
516 627 663 684 pueris
691 627 950 685 senibusque
978 626 1164 671 nocebit.

77 693 213 732 restat
238 693 288 731 ut
311 687 380 731 his
403 702 483 745 ego
506 702 575 731 me
598 687 691 744 ipse
714 703 864 744 regam
888 687 1084 745 solerque
1109 687 1346 731 elementis.

77 763 165 792 non
197 747 336 805 possis
368 747 492 792 oculo
523 753 738 805 quantum
771 748 1030 792 contendere
1062 747 1288 804 Lynceus:

79 822 165 854 non
194 813 340 852 tamen
363 807 528 852 idcirco
549 814 801 852 contemnas
827 807 976 865 lippus
1001 807 1216 865 inungui;

77 883 168 920 nec,
198 867 305 924 quia
330 867 527 925 desperes
552 867 707 911 invicti
735 868 930 911 membra
957 867 1183 924 Glyconis,
1397 883 1434 910 30

77 927 239 972 nodosa
263 942 418 984 corpus
439 927 553 972 nolis
574 927 804 984 prohibere
828 928 1047 985 cheragra.

77 993 142 1031 est
166 987 357 1044 quadam
381 986 556 1044 prodire
581 993 721 1040 tenus,
747 988 785 1031 si
809 1003 897 1031 non
922 987 1052 1031 datur
1076 987 1206 1031 ultra.

77 1047 220 1092 fervet
251 1047 440 1092 avaritia
468 1047 711 1104 miseroque
741 1047 948 1104 cupidine
979 1059 1154 1105 pectus:

75 1113 181 1152 sunt
208 1107 340 1151 verba
369 1113 414 1151 et
439 1122 574 1160 voces,
605 1107 766 1164 quibus
795 1108 907 1152 hunc
937 1108 1074 1151 lenire
1104 1107 1298 1151 dolorem

76 1167 216 1225 possis
241 1172 285 1211 et
309 1182 514 1224 magnam
538 1167 680 1211 morbi
706 1167 918 1225 deponere
943 1173 1125 1224 partem.
1398 1183 1433 1210 35

76 1227 221 1272 laudis
250 1241 397 1271 amore
424 1231 589 1271 tumes:
625 1233 727 1271 sunt
755 1234 872 1271 certa
899 1227 1087 1284 piacula,
1117 1242 1227 1285 quae
1257 1234 1299 1271 te

77 1293 143 1332 ter
168 1302 276 1344 pure
300 1286 411 1330 lecto
435 1292 640 1344 poterunt
664 1302 852 1331 recreare
876 1286 1041 1331 libello.

76 1347 267 1399 invidus,
300 1346 548 1399 iracundus,
579 1347 708 1400 iners,
739 1347 928 1399 vinosus,
960 1353 1130 1391 amator
1160 1372 1214 1377 -—

77 1422 204 1452 nemo
226 1407 334 1451 adeo
359 1407 477 1451 ferus
498 1412 575 1459 est,
600 1413 650 1450 ut
671 1423 756 1451 non
780 1408 1002 1451 mitescere
1024 1408 1176 1464 possit,

74 1467 114 1511 si
148 1467 277 1511 modo
307 1467 504 1510 culturae
535 1467 775 1523 patientem
810 1467 1053 1511 commodet
1083 1484 1247 1511 aurem.
1398 1484 1433 1510 40

75 1527 217 1572 virtus
246 1533 311 1571 est
337 1526 498 1571 vitium
524 1527 680 1583 fugere
708 1533 751 1571 et
777 1527 991 1584 sapientia
1022 1528 1166 1585 prima

74 1587 271 1632 stultitia
303 1585 503 1631 caruisse.
543 1587 678 1639 vides,
709 1603 820 1644 quae
851 1588 1045 1631 maxima
1077 1587 1215 1631 credis
1244 1586 1247 1598 ¹

78 1662 167 1692 esse
197 1647 327 1699 mala,
360 1646 566 1704 exiguom
594 1662 770 1691 censum
803 1654 1060 1705 turpemque
1091 1648 1323 1705 repulsam,

169 1787 405 1835 ΘεαιΑἘ
495 1788 678 1837 ΘεΒΦ

170 1909 221 1946 19
255 1909 304 1945 Et
327 1910 376 1957 Q)
399 1909 466 1958 Θ,
501 1909 555 1945 Ac
590 1911 742 1956 (Porph.
770 1911 822 1947 ad
854 1912 955 1957 epist.
983 1914 1024 1954 1,
1044 1913 1110 1954 10,
1129 1912 1192 1954 40)
1309 1908 1359 1945 25
1387 1910 1434 1946 ob

75 1957 327 2005 locupletibus
361 1958 524 2003 exempla
557 1958 671 1994 Vatic.
691 1961 765 1995 221
801 1961 884 2005 (pro
909 1958 1065 2005 prodest
1097 1959 1231 1994 habent
1253 1958 1433 2004 prudens)

74 2005 126 2042 28
145 2005 253 2044 oculo
271 2005 379 2071 ᾠῷ
393 2006 579 2050 (Brund),
599 2006 726 2042 oculos
748 2019 769 2046 ς
843 2006 894 2043 30
914 2006 1091 2053 Glyconis
1110 2006 1234 2054 (9693
1256 2005 1432 2051 Glyco...

74 2054 142 2091 alii
168 2054 334 2090 ‘Milonis
378 2053 509 2100 legunt
542 2055 648 2091 schol.
670 2056 745 2091 PV
843 2055 894 2091 31
923 2056 1106 2101 cheragra
1130 2054 1297 2102 (DQDw,
1332 2054 1430 2090 chir—

73 2103 130 2139 vel
153 2102 263 2148 chyr-
290 2104 322 2138 Φ
442 2101 492 2138 32
519 2102 683 2147 quadam
707 2103 803 2150 (DF
828 2104 965 2140 Bland.
987 2103 1122 2148 Porph.
1145 2103 1185 2147 (i.
1205 2103 1312 2139 schol.
1335 2104 1433 2147 PV),

74 2151 238 2196 quodam
271 2150 347 2190 ΕΦ
466 2149 518 2186 33
552 2150 670 2186 Ardet
704 2152 788 2195 (hon
825 2152 867 2187 ob
905 2152 1146 2195 acrostichon)
1179 2161 1211 2199 a.
1246 2161 1432 2196 caecaque

74 2210 105 2234 c.
125 2210 160 2245 p.
185 2198 395 2235 Oolumban.
417 2199 516 2245 epist.
541 2202 572 2243 1,
594 2201 616 2234 7
721 2199 788 2236 36.
815 2199 863 2235 37
891 2201 935 2236 ob
959 2199 1175 2236 sententiam
1201 2199 1309 2243 affert
1333 2200 1431 2246 Auy.

72 2248 138 2284 civ.
159 2247 219 2284 dei
245 2250 278 2292 5,
299 2249 345 2284 13
369 2247 471 2294 epist.
489 2250 575 2291 231,
595 2250 618 2283 3
638 2248 786 2293 (Miyne
812 2250 869 2289 33.
885 2250 997 2292 1024)
1072 2246 1121 2283 41
1149 2248 1192 2283 ob
1217 2249 1432 2294 sententiam

74 2296 184 2340 affert
205 2299 239 2331 et
264 2295 422 2342 explieat
441 2295 545 2332 Lact.
568 2295 652 2332 inst.
667 2299 701 2340 6,
716 2299 750 2339 5,
765 2299 811 2332 12
860 2295 990 2331 Virtus
1011 2317 1048 2322 ——
1075 2295 1204 2342 fugere
1230 2295 1273 2331 ob
1291 2297 1431 2332 schema

110 2344 201 2429 attint.
222 2344 317 2428 insa
327 2345 360 2388 9,
382 2346 416 2388 3,
437 2346 484 2380 10
629 2342 680 2379 43
706 2344 897 2390 repulsam
921 2344 970 2392 (D
993 2344 1043 2393 Θ
1067 2345 1173 2382 schol.
1194 2345 1237 2388 Γ,
1263 2343 1430 2380 laborem

149 2403 177 2427 π
201 2403 247 2429 ex
