1586 2514
184 105 273 149 204
699 105 840 142 snam.
864 105 883 142 1
906 109 938 143 ο.
961 109 1016 143 10.
1038 150 1040 152 y

238 203 383 247 aiebas
410 204 608 248 mecum!
647 204 841 248 ‘memini
868 205 986 257 bene,
1014 205 1087 249 sed
1115 205 1292 250 meliore

240 268 433 320 tempore
452 262 619 316 dicam;
648 264 776 307 hodie
796 264 1014 308 tricesima
1032 264 1236 308 sabbata:
1260 264 1338 310 vin
1355 270 1404 311 tu

187 338 221 365 το
239 322 375 366 curtis
409 322 584 366 Iudaeis
617 323 828 380 oppedere
844 323 877 364 ?'
918 321 1053 367 ‘nulla
1084 323 1210 367 mihi'
1241 323 1422 382 inquam

241 381 412 438 ‘religio
442 381 535 424 est.'
576 381 635 425 ‘at
663 382 748 424 mi:
785 397 881 426 sum
912 382 1040 438 paulo
1069 382 1309 436 infirmior,
1338 398 1452 428 unus

242 441 493 484 multorum.
528 441 746 497 ignosces;
781 441 892 485 alias
913 441 1094 498 loquar!
1136 441 1322 486 huncine
1345 441 1478 487 solem

242 505 332 543 tam
355 500 534 556 nigrum
557 515 731 543 surrexe
753 500 887 543 mihi!
927 501 1051 557 fugit
1072 500 1280 557 inprobus
1301 517 1351 545 ac
1372 517 1445 553 me⁴

239 559 320 602 sub
346 559 486 602 cultro
514 559 691 615 linquit.
727 574 827 603 casu
851 560 970 603 venit
996 559 1149 603 obvius
1172 559 1243 603 illi

190 634 222 660 75
242 618 512 661 adversarius
540 623 583 661 et
613 618 712 675 ‘quo
740 624 802 670 tu,
833 619 1083 675 turpissime
1098 618 1132 660 ?'
1161 635 1320 676 magna

242 677 451 721 inclamat
479 693 593 729 voce,
627 684 671 721 et
699 677 814 721 ‘licet
842 679 1050 722 antestari
1065 678 1100 719 ?'
1139 694 1219 735 ego
1248 694 1346 723 vero

243 752 414 794 oppono
446 737 700 780 auriculam.
745 738 862 794 rapit
892 738 939 781 in
970 738 1063 791 ius;
1103 737 1265 781 clamor
1297 738 1529 796 utrimque,

244 796 437 852 undique
457 811 698 840 concursus.
731 797 791 840 sic
812 812 879 840 me
900 797 1086 840 servavit
1105 797 1281 854 Apollo.

838 938 900 981 X.

244 1010 412 1066 Nempe
436 1009 710 1066 inconposito
733 1009 830 1052 dixi
856 1009 962 1066 pede
990 1025 1158 1053 currere
1183 1026 1327 1054 versus

243 1069 404 1112 Lucili.
437 1069 535 1125 quis
557 1074 648 1112 tam
671 1068 817 1112 Lucili
842 1069 990 1112 fautor
1011 1069 1158 1126 inepte
1178 1075 1257 1121 est,

247 1134 296 1171 ut
322 1143 409 1171 non
437 1128 515 1171 hoc
541 1128 770 1172 fateatur?
804 1133 851 1171 at
876 1128 1006 1180 idem,
1034 1129 1150 1184 quod
1174 1129 1263 1173 sale
1290 1129 1428 1173 multo

245 1187 405 1230 Vrbem
435 1187 660 1238 defricuit,
694 1187 1075 1231 charta.laudatu1·
1104 1187 1266 1231 eadem.

284 1279 555 1327 &annus
649 1278 830 1326 &234⁵

286 1362 337 1399 68
363 1362 517 1398 meliore
540 1362 589 1409 Q)
607 1362 675 1410 Θ,
699 1361 844 1397 meliori
870 1362 951 1397 ΚΦ
1022 1362 1074 1398 69
1099 1362 1161 1397 vin
1187 1383 1231 1389 —
1257 1362 1390 1409 religio
1414 1363 1472 1399 est
1495 1363 1539 1399 ob

191 1410 378 1456 obpedere
403 1411 519 1446 Prisc.
542 1414 599 1453 10,
618 1412 667 1445 23
690 1421 725 1454 p.
748 1412 829 1453 515,
849 1411 872 1444 3
995 1409 1044 1445 76
1068 1409 1250 1446 Inclamat
1274 1410 1323 1457 (D
1395 1437 1406 1454 ,
1430 1409 1540 1447 Excl-

193 1460 235 1494 K
239 1470 261 1498 ς
398 1457 489 1493 licet
524 1457 706 1493 antestari
736 1457 779 1492 ob
809 1458 954 1493 verbum
978 1457 1136 1504 Eutych.
1156 1469 1307 1504 mamm,
1383 1460 1474 1501 484,
1494 1460 1539 1493 19

195 1505 242 1542 78
268 1505 322 1541 sic
336 1526 380 1532 —-
393 1504 528 1551 Apollo
554 1506 597 1541 ob
622 1505 727 1541 deum
753 1504 887 1551 alleyat
909 1505 1015 1541 schol.
1036 1506 1118 1541 Iuv.
1140 1508 1172 1548 1,
1192 1507 1264 1541 128

287 1552 338 1589 10
363 1557 447 1589 ante
471 1556 638 1589 natm-am
662 1552 829 1589 exhibent
855 1553 916 1591 Φς
940 1553 1004 1589 hos
1028 1563 1151 1589 versus

335 1599 473 1645 Lucili,
499 1610 613 1645 quam
637 1599 687 1635 sis
712 1599 928 1643 mendosus,
953 1600 1050 1635 toste
1075 1598 1215 1636 Catone

336 1648 530 1684 defensore
554 1649 620 1684 tuo
645 1646 874 1694 pervincum,
901 1647 967 1692 qui
991 1646 1090 1683 male
1114 1647 1233 1683 factos

336 1695 535 1732 emendare
559 1697 671 1741 parat
695 1706 837 1739 versus,
861 1694 932 1731 hoc
957 1694 1078 1731 lenius
1103 1694 1185 1739 ille,

336 1755 409 1789 quo
434 1743 567 1779 melior
590 1743 646 1779 vir
670 1745 744 1787 est,
768 1742 879 1788 longe
904 1742 1079 1778 subtilior
1101 1741 1186 1786 illo,

275 1792 311 1827 *5
335 1791 401 1835 qui
425 1791 585 1826 multum
609 1802 765 1837 puerum
790 1789 879 1826 loris
905 1790 944 1826 et
967 1789 1120 1825 funibus
1144 1789 1240 1826 ussit

337 1840 528 1883 exoratus,
552 1839 597 1873 ut
622 1839 720 1873 esset
744 1848 853 1883 opem
879 1836 944 1882 qui
969 1837 1064 1873 ferre
1087 1837 1211 1883 poeti·

337 1885 503 1930 antiquis
527 1886 656 1931 posset
680 1886 810 1920 contra
834 1883 989 1920 fastidia
1013 1885 1158 1930 nostra,

336 1933 664 1979 grammaticorum
697 1932 865 1977 equitum
896 1931 1142 1968 doctissimus.
1186 1933 1230 1967 ut
1257 1931 1409 1968 redeam
1432 1930 1540 1967 illuc:

195 1991 270 2016 non
304 1981 475 2027 leguntur
508 1982 549 2016 in
574 1981 611 2016 R
644 1991 757 2026 neque
790 1981 831 2016 in
857 1980 996 2015 Bland.
1021 1991 1134 2025 neque
1166 1980 1208 2015 in
1230 1979 1296 2064 ἓέἰ,
1325 1989 1401 2015 mm
1430 1980 1540 2016 inm-

192 2032 357 2073 putatus
391 2032 441 2064 est
474 2028 632 2074 Porph.;
665 2038 788 2064 versus
821 2027 957 2063 conieci
989 2028 1036 2063 ab
1060 2027 1211 2063 Heirico
1370 2028 1387 2062 s·
1418 2027 1542 2063 lectore

195 2076 407 2121 compositos
437 2087 508 2112 esse
613 2073 659 2110 *4
684 2075 743 2110 uir
768 2074 863 2122 (et)
889 2076 947 2110 est
971 2086 993 2114 ς
1118 2073 1164 2110 *ὅ
1190 2074 1361 2121 puerum]
1386 2084 1480 2120 puer
1504 2075 1543 2110 et

196 2123 312 2167 codd,
337 2133 491 2169 puerum
517 2124 575 2158 est
600 2123 727 2169 Reisig}
821 2121 917 2157 ussit
947 2122 1056 2167 (quod
1085 2122 1267 2168 visiqotice
1291 2122 1402 2158 scribi
1418 2123 1544 2168 potuit

196 2170 294 2215 usid)
322 2171 451 2214 Marx,
476 2170 561 2206 udis
586 2171 687 2207 codd.
762 2169 806 2204 *6
831 2169 1058 2205 Exhortatus
1084 2180 1105 2207 ς
1179 2169 1244 2216 10,
1268 2168 1287 2204 1
1317 2169 1421 2206 Hier.
1440 2170 1541 2215 epist.

195 2222 256 2262 84,
269 2221 347 2264 212.
363 2221 433 2254 745
454 2219 583 2265 Miyne
606 2217 795 2253 mordetur
818 2218 858 2253 et
880 2216 1045 2252 Lucilius
1070 2217 1169 2262 quod
1193 2216 1440 2263 incomposito
1460 2227 1542 2253 cur-

196 2268 256 2302 rat
314 2265 384 2301 ede
414 2267 453 2301 et
482 2267 610 2301 tamen
641 2265 738 2300 sales
764 2264 843 2300 eius
868 2264 1047 2310 leposque
1071 2263 1273 2300 laudantur
1366 2262 1391 2300 2
1416 2264 1542 2310 inepte

195 2314 245 2360 G)
348 2314 454 2350 schol.
476 2314 555 2357 1⁷1⁷,
588 2312 710 2359 inepti
741 2312 807 2351 Rs
926 2311 950 2347 8
985 2312 1084 2357 quod
1117 2333 1153 2338 —
1180 2310 1356 2348 defricuit
1387 2312 1431 2348 ob
1464 2311 1542 2348 sale

199 2362 363 2398 Comeret.
382 2372 533 2408 qramm.
556 2361 590 2397 V
603 2363 689 2404 348,
707 2363 756 2396 26
