1586 2514
198 112 283 156 378

243 208 355 245 mitat
380 220 440 244 -us
466 212 555 252 359,
587 221 646 245 -us
672 213 759 254 401,
793 211 833 246 in

242 267 379 303 magno
400 284 408 291 .
430 284 437 291 .
458 283 467 292 .
484 267 522 292 —o
541 268 642 294 serm.
664 262 698 301 1,
714 262 771 303 10,
785 261 834 295 52

242 314 273 340 v.
294 304 488 340 Maeonius

197 352 273 388 Pax
305 353 344 387 et
367 351 518 387 Honor
549 353 620 398 (·os
648 354 691 398 Φ)
723 365 831 389 carm.

241 411 332 436 saec.
354 402 401 434 57

198 446 415 482 Horatius
441 448 539 492 epist.
562 451 594 491 1,
610 451 665 491 14,
679 450 712 491 5,
736 448 833 484 vatin

242 494 273 529 -i
306 505 414 531 carm.
436 498 469 538 4,
490 499 525 538 6,
544 498 590 531 44
626 507 656 531 v.
678 495 832 533 Flaccus

242 547 274 579 et
283 542 458 585 Quintus:
476 542 515 589 Q.
525 543 707 580 Horatius
719 544 832 581 Flac-

241 601 304 626 cus
339 595 451 626 natus
484 595 535 627 est
569 591 627 627 die
662 594 696 627 8.
722 603 830 628 mens.

241 640 313 674 dec.
353 639 469 683 (epist.
490 642 524 682 1,
542 641 603 682 20,
622 641 687 683 27)
725 650 757 674 a.
785 642 832 675 65

241 698 275 722 a.
299 686 379 722 Chr.
406 686 451 721 L.
473 687 624 722 Aurelio
657 686 761 723 Cotta
785 687 831 722 L.

243 734 391 770 Manlio
416 734 596 779 Torquato
622 745 690 770 cos.
705 736 830 779 (carm.

242 785 276 826 3,
294 785 355 826 21,
375 784 399 817 6
405 795 419 825 ;
446 782 548 827 epod.
570 785 627 826 13,
647 785 686 826 6)
715 783 831 819 Venu-

239 831 317 866 siae
344 831 460 873 (serm.
479 832 516 873 2,
530 832 563 873 1,
577 831 639 874 35)
660 834 769 875 patre
788 831 830 866 li-

241 878 379 913 bertino
405 879 522 921 (serm.
543 880 577 920 1,
598 880 644 919 6;
677 878 777 923 epist.
798 881 832 921 1,

239 928 300 968 20,
319 927 385 970 20)
418 925 648 960 eoeaetionum
671 928 832 961 coactore

240 975 358 1017 (serm.
390 975 429 1015 1,
450 975 490 1016 6,
510 974 596 1017 85);
639 972 682 1007 de
718 975 831 1008 matre

240 1021 384 1056 verbum
396 1031 470 1055 non
491 1021 586 1064 facit
596 1023 718 1065 poeta,
736 1031 830 1056 mor-

240 1072 306 1104 tua
325 1068 440 1114 iyitur
452 1069 520 1103 erit
535 1068 609 1102 iam
624 1078 754 1112 parvo,
767 1079 831 1104 nec

240 1116 283 1151 de
307 1116 504 1160 fratribus:
534 1116 665 1150 unicus
689 1116 830 1152 videtur

239 1164 352 1207 fuisse
382 1163 492 1206 silius.
542 1163 765 1199 educabatur
788 1165 830 1198 in

238 1211 357 1254 fundo
377 1211 502 1255 patrio
520 1211 586 1246 sub
611 1214 728 1246 monte
749 1211 827 1247 Vol-

239 1262 317 1294 ture
348 1270 372 1293 a
397 1258 526 1294 Pullia
558 1259 699 1294 nutrice
723 1257 827 1293 fabu-

238 1307 317 1341 losa
344 1309 468 1350 (carm.
490 1308 524 1348 3,
545 1308 578 1349 4,
597 1308 648 1350 9).
690 1307 826 1342 erudie-

239 1357 348 1391 batur
384 1365 459 1390 non
498 1353 676 1389 Venusiae
710 1356 826 1398 (serm.

240 1407 272 1445 1,
293 1405 327 1445 6,
347 1404 430 1446 72),
460 1401 523 1437 sed
541 1405 650 1446 pater
673 1412 828 1446 puerum

240 1451 296 1485 est
335 1460 445 1484 ausus
484 1448 639 1484 Romam
679 1450 827 1493 portare

238 1494 445 1533 docendum
478 1500 594 1540 (serm.
628 1499 667 1539 1,
693 1499 737 1541 6,
758 1499 828 1540 76;

238 1546 338 1591 epist.
357 1547 399 1587 2,
422 1547 459 1587 2,
480 1547 542 1589 41)
580 1544 700 1588 ibique
733 1544 827 1580 inter

237 1595 330 1629 alios
362 1592 519 1628 tradidit
546 1591 683 1627 Orbilio
706 1602 826 1638 qram-

237 1642 380 1682 matico,
399 1640 501 1685 apud
520 1650 622 1684 quem
641 1639 729 1674 Livi
746 1639 826 1674 An-

233 1688 377 1724 dronici
386 1687 559 1733 Odysiam
567 1686 702 1732 leyebat
708 1687 824 1731 (epist.

236 1739 278 1779 2,
305 1739 343 1778 1,
370 1737 452 1777 69),
494 1745 660 1780 yraecam
705 1738 825 1769 autem

237 1783 418 1819 tractabat
442 1782 571 1817 Iliada
601 1781 715 1826 (epist.
735 1783 771 1824 2,
789 1784 826 1826 2,

236 1833 312 1875 42),
331 1834 438 1875 atque
456 1830 565 1864 etiam
582 1839 726 1875 yraecos
749 1839 824 1864 ver-

236 1890 300 1914 sus
311 1878 430 1922 facere
442 1887 631 1923 ayyressus
643 1880 694 1911 est
707 1877 822 1920 (serm.

239 1930 270 1969 1,
291 1929 349 1968 10,
369 1927 431 1969 31)
440 1938 454 1967 ,·
481 1928 567 1970 post
592 1924 680 1968 (fere
705 1934 739 1958 a.
759 1926 822 1967 46)

236 1974 389 2009 Athenis
409 1972 634 2017 philosophis
654 1981 767 2006 novae
792 1982 822 2016 q.

235 2022 269 2055 d.
293 2020 510 2055 Academiae
544 2030 688 2065 operam
713 2018 825 2054 dabat

236 2065 823 2160 {ffffffisssszffgssifflsssfffflfflss

234 2163 458 2208 imperatore
477 2162 648 2196 tribunus
661 2160 822 2196 militum

235 2211 371 2246 meruit
379 2210 494 2254 (epist.
503 2212 539 2252 2,
546 2212 582 2252 2,
590 2211 638 2243 46
644 2219 688 2244 ss.
698 2222 711 2252 ;
720 2219 820 2244 serm.

235 2263 274 2301 1,
295 2261 335 2301 6,
355 2260 415 2301 48)
450 2261 556 2302 atque
587 2257 663 2301 ipse
686 2257 821 2301 proelio

236 2305 465 2351 Philippensi
496 2305 670 2340 intererat
694 2306 819 2348 (carm.

233 2356 270 2396 2,
291 2356 324 2396 7,
343 2355 377 2388 9.
410 2355 444 2395 3,
463 2355 496 2395 4,
514 2354 575 2387 26.
610 2352 710 2396 epist.
730 2354 765 2394 2,
784 2354 821 2394 2,

662 113 811 151 INDEX
836 115 868 151 N
873 114 1080 152 OMINVM.

952 213 1026 255 49).
1054 216 1134 247 'non
1157 212 1271 248 multo
1291 215 1375 257 post
1397 212 1440 248 in
1462 212 1540 248 Ita-

952 259 1041 295 liam
1082 269 1245 295 reversus
1281 259 1452 305 privam
1490 263 1542 296 est

948 306 1116 352 paternis
1130 306 1232 343 bonis
1246 307 1363 352 (epist.
1371 309 1409 350 2,
1416 308 1454 351 2,
1464 309 1540 352 50),

952 358 992 390 at
1009 352 1118 388 venia.
1141 353 1344 399 impetrata
1361 353 1539 400 scriptum

952 400 1204 446 quaestorium
1223 400 1454 447 comparavit
1478 403 1538 446 (ct'.

950 460 1053 486 serm.
1072 451 1108 492 2,
1122 451 1156 492 6,
1170 450 1270 493 368.)
1289 453 1366 486 nnn
1382 459 1540 495 pauper-

951 497 1010 532 tas
1041 494 1192 542 impulit
1222 496 1362 542 audax,
1393 497 1437 532 ut
1459 507 1540 532 ver-

952 556 1014 580 sus
1045 544 1185 580 faceret
1219 543 1335 589 (epist.
1353 546 1391 590 2,
1407 546 1445 588 2,
1464 547 1538 589 51).

950 593 1028 628 iam
1051 591 1286 635 carminibus,
1310 595 1353 628 ut
1369 591 1539 638 epod.16,

959 640 1114 686 Vergilio
1145 639 1289 684 eiusque
1324 639 1453 676 amicis
1482 640 1539 675 in—

950 688 1072 724 notuit
1106 691 1141 723 et
1175 686 1221 722 ab
1252 686 1300 722 iis
1333 687 1542 724 Maecenati

950 735 1216 772 commendatus
1239 738 1290 770 est
1315 737 1432 779 (serm.
1453 738 1485 778 1,
1505 737 1538 779 6,

951 786 1048 819 5488.
1068 785 1105 826 2,
1125 785 1159 826 6,
1179 784 1294 826 4088.)
1319 782 1394 826 fere
1418 794 1452 818 a.
1471 785 1539 826 38,-

949 832 1027 866 eius
1050 831 1230 867 convictor
1247 833 1282 865 et
1298 830 1438 866 amicus
1461 841 1539 866 vere

949 890 984 913 a.
1004 880 1052 915 37
1077 877 1324 913 Brundisium
1352 878 1538 922 profectus

949 930 1000 961 est
1019 928 1135 970 (serm.
1157 928 1188 967 1,
1203 926 1255 968 5),
1279 936 1314 960 a.
1333 926 1382 962 33
1405 929 1473 961 aut
1491 927 1539 960 32

949 973 1086 1018 accepit
1144 971 1302 1016 fundum
1359 972 1537 1009 Sabinum

950 1023 1066 1064 (serm.
1087 1022 1123 1064 2,
1143 1022 1176 1063 3,
1196 1022 1252 1055 10.
1267 1021 1340 1055 308
1347 1033 1361 1064 ,·
1385 1019 1486 1066 epod.
1503 1023 1538 1064 1,

949 1072 994 1104 31
1002 1082 1015 1112 ,·
1039 1079 1148 1103 carm.
1169 1069 1205 1111 2,
1218 1068 1278 1110 18,
1291 1069 1364 1111 14).
1395 1067 1538 1104 Maece—

947 1119 1069 1151 natem
1087 1115 1276 1151 comitatus
1288 1118 1340 1150 est
1351 1115 1393 1150 in
1408 1115 1538 1151 bellum

948 1165 1140 1199 Actiacum
1170 1166 1277 1208 atque
1307 1162 1437 1198 aderat
1464 1163 1539 1208 ipsi

942 1222 1092 1257 puynae
1105 1210 1221 1256 (epod.
1233 1213 1253 1245 1
1261 1223 1275 1254 ;
1294 1212 1329 1253 9,
1339 1211 1414 1255 35).
1431 1211 1536 1246 Mae-

947 1259 1085 1295 cenatis
1115 1258 1254 1294 amicus
1289 1257 1398 1294 etiam
1431 1257 1537 1294 Octa-

948 1307 1057 1342 viano
1076 1306 1288 1342 insinuatus
1306 1308 1368 1348 est,
1386 1305 1448 1341 sed
1463 1305 1536 1351 epi-

946 1355 1128 1389 stularum
1164 1353 1342 1397 officium,
1378 1352 1475 1397 quod
1503 1353 1537 1388 ei

948 1402 1107 1437 oblatum
1125 1405 1214 1444 erat,
1226 1400 1407 1436 recusavit
1423 1411 1535 1446 neque

947 1450 1093 1485 omnino
1119 1461 1143 1484 a
1167 1448 1379 1484 Maecenate
1401 1458 1438 1483 se
1456 1448 1533 1493 pel-

948 1497 1012 1532 lici
1028 1507 1165 1542 passus
1182 1499 1244 1538 est,
1268 1495 1400 1541 quippe
1421 1496 1483 1531 cui
1500 1499 1535 1532 et

946 1545 1070 1580 omnia
1117 1544 1254 1589 scripta
1305 1542 1534 1579 dedicaverit.

945 1603 1057 1641 neque
1085 1591 1307 1628 Octavianus
1337 1590 1404 1626 boc
1431 1601 1534 1637 aeqre

946 1641 1047 1683 tulit,
1072 1640 1180 1674 immo
1209 1639 1371 1683 perrexit
1387 1641 1533 1684 poetam

946 1687 1119 1722 adamare
1135 1686 1235 1731 eique
1253 1686 1422 1721 iniunxit
1441 1695 1532 1722 com·

940 1735 1152 1779 ponendum
1181 1743 1326 1769 carmen
1349 1733 1534 1769 saeculare

947 1784 997 1825 (a.
1006 1785 1079 1826 17).
1090 1781 1272 1820 Horatius
1280 1784 1400 1816 autem
1408 1780 1534 1816 Vrbem

948 1830 1047 1873 (item
1071 1840 1116 1864 ac
1135 1828 1330 1874 Veryilius)
1356 1831 1534 1873 quantum

941 1881 1085 1921 poterat
1096 1876 1264 1911 vitavisse
1274 1875 1417 1911 videtur
1427 1874 1534 1910 vixit-

946 1935 1017 1968 que
1060 1922 1260 1969 plurimum
1303 1921 1343 1956 in
1385 1927 1532 1958 secessu

945 1971 1049 2006 ruris.
1066 1991 1109 1997 —-
1126 1968 1259 2005 habitu
1278 1969 1441 2015 corporis
1458 1968 1534 2005 fuit

947 2018 1064 2054 brevis
1084 2019 1196 2062 atque
1209 2016 1342 2052 obesus
1357 2018 1418 2062 (cf.
1428 2028 1530 2053 serm.

943 2069 980 2109 2,
999 2069 1033 2110 3,
1050 2069 1122 2102 309
1128 2079 1142 2110 ;
1166 2065 1265 2110 epist.
1287 2067 1320 2108 1,
1332 2067 1394 2108 20,
1406 2066 1472 2109 24)
1485 2085 1531 2090 -

943 2114 1032 2150 obiit
1051 2114 1109 2149 die
1126 2114 1185 2148 27.
1205 2123 1285 2148 nov.
1306 2124 1339 2147 a.
1354 2114 1379 2147 8
1398 2123 1432 2147 a.
1449 2112 1529 2148 Chr.

943 2162 1041 2197 brevi
1054 2165 1137 2206 post
1155 2161 1412 2196 Maecenatem.
1426 2179 1470 2186 —-
1488 2159 1531 2195 de

942 2210 1066 2245 ceteris
1082 2208 1128 2252 ef.
1148 2208 1224 2243 vita
1243 2207 1393 2244 Suetoni
1412 2211 1446 2243 et
1463 2218 1529 2242 an-

941 2257 1043 2293 nales
1067 2255 1270 2292 carminum

893 2315 1008 2350 prope
1034 2302 1200 2339 Caesaris
1225 2302 1380 2337 hortos
1406 2303 1447 2338 in
1465 2302 1528 2336 Ia-

939 2352 1063 2388 niculo
1092 2362 1193 2387 serm.
1221 2353 1254 2393 1,
1273 2352 1308 2393 9,
1327 2352 1390 2393 18,
1423 2348 1527 2383 novis
