1586 2514
631 87 777 124 EPIST.
803 87 839 124 11
860 93 890 125 1.
1348 89 1434 132 295

0 174 2 179 Ι
77 187 264 233 Graecia
291 194 420 246 capta
449 189 595 232 ferum
625 188 833 256 victorem
863 189 978 245 cepit
1007 194 1051 232 et
1080 194 1194 232 artes

0 261 3 282 ³
77 247 234 292 intulit
263 248 427 305 agresti
458 247 614 291 Latio:
652 246 714 291 sic
744 247 948 291 horridus
978 248 1056 291 ille

75 307 272 351 defluxit
299 323 505 352 numerus
533 307 767 351 Saturnius
795 314 837 351 et
864 322 994 364 grave
1021 308 1140 352 virus

77 367 322 412 munditiae
346 368 573 425 pepulere;
603 367 718 411 sed
704 383 752 411 ln
776 367 958 424 longum
983 374 1129 411 tamen
1155 384 1303 411 aevom

75 433 328 472 manserunt
354 427 568 484 hodieque
594 433 773 471 manent
797 427 984 484 vestigia
1011 427 1137 471 ruris.
1382 443 1434 470 160

73 501 194 530 serus
224 487 343 530 enim
375 486 556 530 Graecis
587 486 783 530 admovit
811 487 1016 530 acumina
1046 487 1210 531 chartis

74 557 119 589 et
142 551 242 603 post
267 546 439 590 Punica
465 546 579 590 bella
604 547 780 603 quietus
805 562 1009 603 quaerere
1036 547 1192 604 coepit,

73 605 182 662 quid
199 605 433 663 Sophocles
450 611 495 650 et
513 605 697 663 Thespis
713 612 757 650 et
773 606 1015 663 Aeschylos
1034 607 1144 650 utile
1161 607 1352 660 ferrent3

75 666 308 723 temptavit
336 681 508 724 quoque
539 682 630 710 rem
659 666 699 710 si
727 666 863 723 digne
894 672 1058 710 vertere
1090 674 1233 724 posset

73 731 117 770 et
133 726 301 783 placuit
315 726 418 779 sibi,
439 732 596 770 natura
614 726 815 770 sublimis
833 733 877 770 et
895 742 1015 770 acer:
1379 743 1431 770 ιω

73 802 174 830 nam
199 786 342 843 spirat
370 787 587 844 tragicum
617 787 722 830 satis
751 793 794 830 et
821 787 1015 830 feliciter
1043 787 1188 839 audet,

71 847 146 890 sed
174 853 348 904 turpem
378 853 506 904 putat
535 847 691 890 inscite
720 847 962 904 metuitque
992 847 1186 890 lituram.

71 907 277 959 creditur,
303 923 355 950 ex
381 907 525 950 medio
547 907 653 964 quia
677 923 742 956 res
766 907 957 959 accersit,
985 907 1140 950 habere

69 967 241 1010 sudoris
270 967 519 1019 minimum,
550 967 623 1010 sed
654 967 785 1010 habet
813 967 1034 1011 comoedia
1064 973 1187 1011 tanto

70 1027 169 1084 plus
195 1027 352 1080 oneris,
379 1033 544 1084 quanto
569 1027 722 1071 veniae
748 1028 918 1071 minus:
950 1027 1139 1084 adspice,
1169 1027 1355 1071 Plautus
1377 1043 1429 1070 170

69 1103 156 1144 quo
178 1093 305 1144 pacto
327 1087 468 1145 partis
489 1093 659 1131 tutetur
679 1087 870 1131 amantis
894 1087 1063 1144 ephebi,

70 1152 120 1190 ut
141 1147 281 1204 patris
304 1147 479 1199 attenti,
503 1147 672 1191 lenonis
696 1153 746 1191 ut
769 1147 985 1199 insidiosi,

67 1213 258 1263 quantus
286 1206 347 1250 sit
376 1207 625 1251 Dossennus
655 1207 859 1251 edacibus
887 1207 935 1250 in
964 1206 1184 1263 parasitis,

67 1282 200 1323 quam
228 1282 316 1310 non
343 1266 552 1310 adstricto
580 1273 804 1324 percurrat
832 1267 1006 1324 pulpita
1035 1282 1177 1320 socco3

67 1326 202 1384 gestit
226 1327 344 1370 enim
369 1342 597 1371 nummum
623 1327 670 1370 in
694 1327 858 1370 loculos
881 1327 1125 1379 demittere,
1153 1333 1250 1384 post
1275 1328 1354 1372 hoc
1374 1344 1426 1371 175

66 1402 254 1438 securus,
282 1386 409 1430 cadat
433 1402 491 1430 an
516 1393 632 1430 recto
656 1393 744 1430 stet
768 1387 923 1431 fabula
950 1387 1052 1430 talo.

66 1462 196 1504 quem
221 1446 330 1490 tulit
352 1446 410 1491 ad
433 1462 633 1491 scaenam
657 1453 834 1491 ventoso
860 1447 1017 1491 Gloria
1042 1461 1186 1500 curru,

66 1506 291 1551 exanimat
319 1506 463 1551 lentus
493 1512 722 1564 spectator,
755 1507 930 1551 sedulus
960 1507 1121 1551 inflat:

79 1566 143 1610 sic
160 1566 267 1619 leve,
287 1566 349 1610 sic
366 1582 545 1624 parvom
561 1573 640 1619 est,
661 1567 859 1611 animum
875 1568 993 1624 quod
1012 1568 1157 1612 laudis
1174 1584 1353 1612 avarum

64 1626 240 1671 subruit
262 1632 341 1671 aut
364 1627 526 1671 reficit.
569 1627 713 1671 valeat
736 1643 802 1671 res
825 1627 1008 1680 ludicra,
1035 1628 1072 1671 si
1097 1644 1165 1673 me
1372 1644 1424 1671 180

65 1687 212 1744 palma
243 1693 402 1744 negata
434 1703 642 1740 macrum,
677 1688 838 1732 donata
870 1689 1039 1732 reducit
1072 1689 1282 1746 opimum.

62 1763 191 1804 saepe
212 1747 349 1791 etiam
372 1747 579 1791 audacem
607 1748 739 1805 fugat
763 1748 842 1791 hoc
867 1754 1084 1805 terretque
1110 1755 1297 1806 poetam,

63 1807 181 1864 quod
209 1823 390 1851 numero
418 1807 577 1864 plures,
608 1808 770 1852 virtute
799 1815 842 1852 et
870 1809 1029 1852 honore
1059 1809 1260 1861 minores,

157 1900 326 1948 &aa
416 1899 598 1948 Θαὶς»

162 1971 239 2008 158
271 1971 441 2008 defluxit:
476 1971 616 2008 lenitus
648 1975 706 2009 est
735 1975 806 2021 fry.
827 1974 918 2010 Bob.
938 1986 1090 2022 qramm.
1112 1976 1194 2010 VII
1209 1978 1297 2019 544,
1317 1978 1366 2012 30

65 2031 242 2056 numerus
265 2019 389 2103 (ΕΘ
394 2048 404 2065 ,
438 2020 604 2056 numeris
630 2021 714 2058 RF
820 2021 896 2058 159
927 2021 1106 2068 pepulere
1130 2023 1179 2070 Q)
1276 2024 1426 2069 ΡονΡῘι,

64 2077 242 2114 peperere
311 2068 352 2104 21
424 2067 502 2104 1⁸0
524 2068 689 2124 uestigia
714 2068 827 2105 ruris.
852 2069 1044 2115 imperitia
1067 2072 1137 2118 sry.
1160 2072 1251 2107 Bo.
1271 2082 1424 2118 yramm.

71 2116 155 2152 VII
167 2118 251 2159 544,
269 2118 319 2152 30
419 2114 493 2152 167
521 2115 616 2152 insci
619 2118 709 2162 t(a)e
732 2117 781 2164 (D
797 2117 859 2165 Q
873 2117 1059 2162 (inscitiae
1078 2119 1217 2155 Bland.
1225 2118 1249 2162 ²)
1276 2120 1377 2165 Porp
1378 2119 1424 2163 h„

62 2162 255 2209 inscriptis
275 2163 467 2200 EBland.
474 2163 487 2185 ¹
558 2163 728 2200 lituram:
756 2165 1055 2202 emendationem
1079 2167 1150 2214 frgy.
1165 2167 1256 2204 Bob.
1270 2178 1422 2214 yramm.

72 2211 255 2255 711544,
274 2214 321 2248 31
433 2210 508 2248 168
540 2212 699 2248 accersit
724 2224 748 2248 a
770 2212 822 2260 Q
846 2214 901 2250 Po
905 2214 1001 2260 φὴ,
1036 2214 1196 2251 accessit
1226 2215 1266 2250 Ε
1270 2179 1422 2251 9.Bland

65 2257 141 2296 174
167 2258 288 2302 Quam
311 2258 444 2344 ΞΘ,
377 2258 590 2308 Q,Quom
616 2261 735 2305 Kraff
730 2264 784 2298 ert
869 2261 945 2298 175
972 2262 1170 2299 demittere
1196 2262 1395 2307 E(Bzam1
1397 2266 1422 2307 )

63 2306 254 2343 dimittere
284 2319 310 2344 a
363 2309 395 2343 Φ
517 2307 596 2344 180
624 2308 767 2344 ualeat:
800 2310 932 2355 pereat
963 2310 1035 2357 frq.
1056 2311 1148 2348 Bob.
1167 2323 1318 2358 yramm.
1347 2311 1427 2347 VII

63 2357 152 2400 544,
170 2357 219 2393 33
