1586 2514
172 87 257 130 104
652 85 796 122 CARM.
824 85 874 121 ΙΙΙ
895 89 950 121 23.
972 89 1027 120 24.

278 184 474 228 inmunis
502 199 623 228 aram
650 184 688 227 si
717 185 873 242 tetigit
900 199 1066 235 manus,

282 258 369 286 non
396 250 651 300 sumptuosa
680 243 881 287 blandior
911 243 1065 294 hostia,

342 302 533 346 mollivit
556 317 725 346 aversos
750 302 930 346 Penatis

169 374 206 403 20
337 361 453 404 farre
482 362 557 417 pio
585 368 629 404 et
655 362 838 405 saliente
867 362 990 404 mica.

732 562 950 604 XXIIII.

276 631 462 675 Intactis
489 633 737 689 opulentior

326 691 541 735 thesauris
571 691 772 735 Arabum
804 698 847 736 et
877 692 1028 735 divitis
1061 692 1215 735 Indiae

273 751 507 794 caementis
529 751 632 795 licet
654 766 831 808 occupes

326 816 547 853 terrenum
578 825 702 854 omne
733 811 820 854 tuis
850 817 893 854 et
923 826 1039 854 mare
1068 810 1317 867 publicum:

182 942 198 969 5
269 928 307 971 si
332 928 444 985 figit
466 929 770 972 adamantinos

323 987 508 1030 summis
531 987 767 1031 verticibus
791 987 888 1031 dira
914 987 1156 1031 Necessitas

272 1046 426 1098 clavos,
457 1061 544 1090 non
571 1062 615 1091 a..
629 1046 768 1089 imum
797 1053 929 1099 metu,

326 1119 414 1148 non
438 1105 591 1148 mortis
616 1106 783 1162 laqueis
808 1106 1008 1163 expedies
1033 1113 1176 1162 caput.

271 1229 530 1280 campestres
559 1223 716 1267 melius
746 1223 947 1280 Scythae,

166 1298 199 1324 10
323 1298 510 1339 quorum
539 1283 734 1339 plaustra
761 1299 894 1339 vagas
922 1283 1006 1326 rite
1034 1282 1215 1327 trahunt
1243 1283 1404 1334 domos,

270 1342 421 1385 vivont
441 1348 485 1385 et
503 1342 640 1399 rigidi
662 1342 813 1394 Getae,

324 1401 537 1444 inmetata
561 1401 720 1457 quibus
745 1402 897 1457 iugera
922 1401 1080 1445 liberas

269 1519 422 1576 fruges
448 1525 492 1563 et
518 1519 717 1563 Cererem
743 1519 897 1563 ferunt

321 1593 401 1622 nec
429 1578 601 1622 cultura
628 1578 771 1636 placet
796 1578 970 1636 longior
997 1594 1140 1622 annua

165 1654 197 1680 1⁵
269 1637 615 1694 defunctumque
644 1637 867 1682 laboribus

268 1697 440 1753 aequali
470 1702 633 1740 recreat
659 1703 773 1740 sorte
801 1697 1001 1741 vicarius.

267 1815 361 1858 illic
389 1821 527 1859 matre
555 1815 802 1858 carentibus

322 1874 541 1930 privignis
569 1874 727 1917 mulier
753 1880 967 1930 temperat
993 1874 1198 1918 innocens

270 1948 345 1976 nec
375 1933 526 1976 dotata
554 1933 671 1990 regit
698 1933 842 1976 virum

162 2007 197 2034 20
323 1992 513 2035 coniunx
543 2007 620 2035 nec
648 1992 792 2035 nitido
821 1992 933 2035 fidit
961 1992 1181 2045 adultero;

251 2096 427 2143 OE:AE
519 2096 700 2143 OED=R<1⁵

254 2191 303 2226 19
329 2191 493 2226 Molliuit
519 2191 566 2234 R,
592 2192 637 2235 cf.
663 2192 768 2227 schol.
790 2193 876 2235 AF,
902 2190 1068 2226 Mollibit
1091 2191 1178 2237 ῶΦ

254 2237 320 2283 ⁰4,
342 2239 361 2274 1
405 2239 474 2285 (ᾖε
489 2239 644 2285 ΑΒΕ]
759 2237 784 2274 4
810 2238 1013 2274 Terrenum
1039 2240 1140 2283 Porp
1139 2239 1172 2273 h.
1198 2237 1303 2275 adv
1329 2242 1364 2283 1,
1388 2237 1508 2275 Lach-

157 2297 282 2330 mann,
301 2285 396 2331 Tyrr
424 2297 534 2321 enum
553 2287 668 2331 (varie
686 2287 888 2368 scriptum)t
893 2286 1007 2340 φῶ
1054 2285 1245 2331 publicum
1262 2285 1314 2334 ᾧ)
1326 2287 1389 2331 (ει
1402 2285 1507 2330 Βπῑ)

157 2334 309 2377 Blami„
333 2334 432 2370 unde
457 2333 647 2379 apulicum
675 2334 771 2378 ΦΕ,·
795 2333 988 2379 ponticum
1007 2334 1055 2380 (i)
