1586 2514
212 102 296 146 298
753 107 898 144 EPIST.
924 108 957 144 II
978 114 1009 145 1.

277 202 408 246 fortis
440 203 684 248 Alexandri
716 206 883 250 voltum
915 207 1180 253 simulantia.
1222 211 1376 268 quodsi

276 260 490 305 iudicium
514 263 676 307 subtile
698 264 900 309 videndis
927 267 1094 311 artibus
1120 268 1232 312 illud

278 320 333 363 ad
355 321 489 365 libros
511 327 554 365 et
574 323 630 365 ad
655 323 756 367 haec
778 325 1007 369 Musarum
1029 327 1142 371 dona
1162 343 1344 382 vocares,

273 379 482 423 Boeotum
506 380 557 423 in
585 397 724 426 crasso
750 383 914 427 iurares
939 400 1036 429 aere
1061 392 1225 430 natum.

204 454 256 481 245
274 444 321 482 at
349 455 486 495 neque
516 440 773 485 dedecorant
802 448 878 486 tua
907 443 960 487 de
986 460 1032 488 se
1060 444 1225 490 iudicia
1254 452 1382 505 atque

274 513 466 550 munera,
496 515 608 555 quae
637 501 777 544 multa
806 501 952 546 dantis
982 519 1080 547 cum
1109 504 1237 548 laude
1267 506 1460 552 tulerunt

273 556 422 600 dilecti
449 558 532 600 tibi
558 559 779 615 Vergilius
804 561 1045 618 Variusque
1070 569 1234 619 poetae,

273 631 349 658 nec
375 617 516 673 magis
542 619 732 674 expressi
758 620 900 663 voltus
926 636 1002 677 per
1028 637 1158 666 aenea
1184 623 1309 680 signa

274 690 405 731 quam
435 692 512 732 per
542 677 654 721 vatis
686 693 793 735 opus
826 695 962 724 mores
992 681 1216 739 animique
1245 683 1436 728 virorum

201 749 254 776 250
273 735 486 779 clarorum
514 736 737 793 adparent.
776 754 853 782 nec
879 755 1094 784 sermones
1124 757 1204 798 ego
1232 742 1406 788 mallem

270 795 460 850 repentis
488 811 563 852 per
591 796 772 840 humum
799 814 931 854 quam
960 815 1026 843 res
1054 815 1290 857 conponere
1317 809 1458 859 gestas

270 859 567 911 terrarumque
590 856 702 899 situs
728 863 770 899 et
795 858 987 901 flumina
1013 859 1153 903 dicere
1179 866 1222 903 et
1244 876 1362 905 arces

270 914 490 957 montibus
512 914 723 971 inpositas
745 922 787 959 et
808 916 990 961 barbara
1013 934 1146 975 regna
1168 919 1340 976 tuisque

268 973 474 1028 auspiciis
503 979 645 1017 totum
675 976 870 1019 confecta
899 976 1044 1020 duella
1073 993 1149 1034 per
1178 978 1323 1022 orbem

197 1046 249 1073 255
269 1031 539 1089 claustraque
568 1034 788 1077 custodem
816 1035 934 1091 pacis
962 1036 1208 1081 cohibentia
1239 1038 1395 1082 Ianum

267 1096 310 1133 et
340 1092 626 1136 formidatam
658 1093 835 1137 Parthis
866 1100 908 1137 te
941 1095 1138 1152 principe
1169 1096 1368 1150 Romam,

267 1152 302 1191 si
319 1153 524 1204 quantum
544 1165 736 1207 cuperem
751 1167 918 1207 possem
932 1169 1116 1210 quoque3
1135 1155 1206 1198 sed
1217 1170 1353 1211 neque
1364 1171 1538 1212 parvom

265 1224 437 1252 carmen
466 1211 668 1254 maiestas
696 1212 853 1268 recipit
883 1219 958 1256 tua
989 1229 1063 1257 nec
1094 1230 1213 1259 meus
1242 1216 1373 1259 audet

265 1284 354 1311 rem
385 1275 597 1325 temptare
627 1271 766 1327 pudor
794 1287 926 1327 quam
957 1272 1068 1316 vires
1098 1274 1213 1317 ferre
1243 1281 1448 1319 recusent.

194 1342 247 1368 260
263 1327 473 1371 sedulitas
492 1335 638 1372 autem
657 1330 788 1373 stulte
806 1347 935 1387 quem
954 1332 1108 1388 diligit
1128 1339 1267 1389 urget,

263 1387 493 1443 praecipue
523 1404 620 1431 cum
648 1405 693 1432 se
723 1391 913 1433 numeris
941 1392 1214 1436 commendat
1244 1399 1287 1436 et
1316 1399 1419 1437 arte.

263 1446 393 1489 discit
423 1448 539 1490 enim
571 1448 701 1491 citius
732 1449 1016 1506 meminitque
1047 1451 1254 1496 libentius
1284 1452 1396 1496 illud

260 1506 377 1561 quod
406 1506 504 1562 quis
533 1507 702 1550 deridet
731 1524 860 1564 quam
890 1510 1005 1565 quod
1034 1510 1190 1566 probat
1218 1517 1260 1555 et
1287 1518 1526 1556 veneratur.

262 1564 327 1607 nil
354 1580 497 1608 moror
525 1567 732 1610 officium
758 1568 876 1624 quod
905 1584 973 1612 me
1000 1576 1153 1625 gravat
1178 1586 1228 1614 ac
1255 1586 1391 1628 neque
1419 1571 1528 1616 ficto

190 1638 243 1665 265
262 1624 310 1666 in
338 1625 461 1680 peius
489 1626 610 1669 voltu
640 1627 823 1683 proponi
854 1643 997 1672 cereus
1027 1644 1207 1685 usquam

262 1693 340 1726 nelc
367 1699 497 1740 prave
524 1685 655 1728 factis
684 1686 875 1729 decorari
903 1688 1094 1731 versibus
1122 1694 1238 1745 opto,

262 1758 313 1785 ne
342 1743 519 1787 rubeam
550 1745 707 1801 pingui
738 1746 921 1789 donatus
952 1763 1126 1790 munere
1156 1754 1198 1791 et
1229 1764 1314 1792 una
1365 1776 1370 1779 -

260 1818 357 1844 cum
387 1803 596 1858 scriptore
627 1820 722 1847 meo
751 1821 879 1861 capsa
912 1813 1130 1862 porrectus
1162 1813 1309 1864 operta

259 1861 432 1904 deferar
460 1862 508 1904 in
536 1862 679 1906 vicum
710 1864 962 1908 vendentem
994 1871 1063 1909 tus
1093 1871 1135 1909 et
1165 1866 1314 1910 odores

188 1934 241 1960 270
260 1925 302 1963 et
330 1920 455 1976 piper
484 1927 526 1964 ct
552 1922 768 1978 quidquid
799 1923 958 1966 chartis
987 1924 1190 1968 amicitur
1217 1925 1390 1982 ineptis.

276 2049 443 2094 ῶιαΕ
534 2049 715 2096 Θιιῑφ

277 2129 353 2166 244
379 2130 557 2166 Boeotum
577 2144 601 2167 a
615 2133 748 2178 Porph.
764 2133 804 2177 (i.
818 2135 923 2170 schol.
937 2136 997 2179 Γ),
1016 2134 1170 2170 Boetum
1192 2136 1235 2171 E
1355 2135 1429 2172 251
1449 2138 1528 2173 sine

182 2179 342 2213 lemmate
368 2180 530 2224 exempla
557 2180 671 2216 Vatic.
690 2182 766 2216 236
858 2180 934 2216 262
960 2181 1079 2217 Discit
1102 2182 1151 2229 Θ
1166 2182 1233 2230 Θ,
1293 2182 1386 2219 iacet
1411 2183 1524 2229 (ΒΨ)

188 2226 320 2261 Bland.
382 2225 458 2261 270
476 2228 554 2262 sine
573 2228 734 2263 lemmate
752 2229 914 2274 exempla
931 2229 1129 2267 Vatic.237
1186 2241 1327 2266 versum
1345 2232 1387 2266 in
1403 2231 1526 2284 epodis

179 2274 232 2308 sic
264 2273 503 2317 transformat
534 2275 708 2311 Heiricus
739 2276 831 2311 PM
834 2277 869 2311 A
894 2277 967 2311 ΙΙΙ
987 2288 1026 2322 p.
1046 2279 1129 2320 437,
1149 2280 1194 2313 51
1225 2276 1403 2324 piperve!
1425 2279 1463 2313 et
1493 2289 1524 2312 ει

180 2319 270 2365 quid
296 2320 435 2355 chartis
461 2321 660 2368 amicitur!
682 2322 824 2369 ignavis
905 2323 1041 2369 ineptis
1065 2324 1114 2371 (D
1130 2324 1196 2372 Θ,
1222 2324 1320 2370 aptis
1347 2326 1524 2371 (exempla

187 2368 331 2416 Vatia),
357 2367 533 2418 inemptis
558 2381 577 2408 ς
