1586 2514
203 110 290 154 304
739 112 885 151 EPIST.
909 115 945 151 Π
963 119 995 152 2.

271 208 483 253 nimirum
507 225 657 267 sapere
684 216 749 255 est
773 211 956 257 abiectis
984 213 1093 257 utile
1120 213 1251 272 nugis

268 273 313 310 et
340 269 642 325 tempestivom
669 272 815 327 pueris
843 273 1069 316 concedere
1097 273 1251 318 ludum

269 341 318 369 ac
344 342 431 371 non
456 328 587 372 verba
610 330 734 386 sequi
761 330 932 375 fidibus
958 331 1222 377 modulanda
1247 333 1436 387 Latinis,

267 385 343 429 sed
372 402 497 431 verae
529 403 814 445 numerosque
843 390 1077 447 modosque
1109 391 1295 436 ediscere
1326 393 1454 437 vitae.

201 459 250 486 145
267 446 471 500 quocirca
500 462 667 491 mecum
698 447 850 505 loquor
881 449 996 493 haec.
1039 450 1281 508 tacitusque
1311 452 1531 496 recordor:

266 504 304 546 si
333 504 418 547 tibi
446 505 568 550 nulla
593 506 717 550 sitim
746 507 903 552 finiret
931 509 1055 566 copia
1081 509 1301 567 lymphae,

269 579 463 608 narrares
488 565 692 609 medicis:
723 567 840 623 quod
865 574 1028 624 quanto
1054 568 1181 625 plura
1236 571 1384 622 arasti,

269 629 391 667 tanto
417 625 545 680 plura
572 626 708 682 cupis,
735 626 904 670 nulline
932 628 1113 671 faterier
1138 644 1194 672 au
1226 629 1304 672 es?

266 682 304 724 si
332 683 486 727 volnus
515 684 600 727 tibi
629 691 868 729 monstrata
898 687 1041 730 radice
1070 687 1138 731 vel
1167 687 1298 732 herba

198 756 250 782 150
269 756 356 785 non
380 742 513 786 fieret
537 744 688 796 levius,
715 745 890 801 fugeres
916 746 1060 790 radice
1085 747 1152 790 vel
1177 747 1308 791 herba

266 801 529 856 proficiente
555 803 668 846 nihil
694 804 907 848 curarier:
942 805 1153 858 audieras,
1179 809 1251 850 cui

269 874 359 902 rem
383 861 430 903 di
456 861 679 914 donarent,
707 863 776 905 illi
803 863 1004 908 decedere
1028 880 1205 921 pravam

264 919 503 963 stultitiam
517 936 527 974 ;
565 927 623 973 et,
656 937 753 965 cum
785 923 843 966 sis
875 923 1016 967 nihilo
1046 924 1284 980 sapientior
1313 941 1366 968 ex
1397 940 1483 982 quo

265 978 436 1033 plenior
461 995 520 1031 es,
551 985 696 1024 tamen
725 982 860 1025 uteris
887 983 1177 1027 monitoribus
1205 983 1378 1028 isdem?

197 1051 247 1078 155
266 1043 312 1079 at
339 1037 376 1080 si
406 1038 588 1082 divitiae
616 1039 874 1095 prudentem
904 1041 1080 1085 reddere
1109 1048 1294 1098 possent,

263 1096 301 1138 si
330 1097 540 1153 cupidum
568 1098 860 1155 timidumque
888 1100 1034 1143 minus
1063 1107 1130 1144 te:
1166 1117 1319 1158 nempe
1348 1102 1532 1154 tuberes,

263 1155 428 1199 viveret
454 1157 503 1200 in
530 1158 656 1200 terris
684 1164 727 1201 te
754 1158 893 1215 siquis
920 1159 1089 1203 avarior
1118 1176 1216 1204 uno.

266 1214 303 1256 si
322 1216 549 1271 proprium
569 1222 646 1268 est,
668 1217 784 1273 quod
803 1218 900 1274 quis
920 1219 1034 1262 libra
1052 1226 1264 1264 mercatus
1282 1226 1326 1264 et
1343 1235 1439 1264 aere
1458 1227 1534 1270 est,

264 1274 490 1329 quaedam,
516 1275 555 1318 si
583 1276 721 1319 credis
749 1277 969 1330 consultis,
999 1278 1220 1335 mancipat
1247 1295 1371 1323 usus:

196 1347 246 1374 160
265 1333 342 1388 qui
365 1339 407 1376 te
430 1335 571 1390 pascit
592 1350 696 1391 ager
719 1341 818 1379 tuos
838 1342 916 1388 est,
941 1343 984 1380 et
1005 1338 1161 1381 vilicus
1184 1338 1307 1391 Orbi,

263 1407 361 1434 cum
385 1399 550 1449 segetes
576 1401 695 1437 occat
720 1395 804 1437 tibi
831 1410 931 1438 mox
959 1397 1183 1440 frumenta
1207 1397 1401 1450 daturus,

263 1457 305 1493 te
327 1451 555 1495 dominum
578 1454 726 1496 sentit.
759 1454 838 1497 das
862 1470 1075 1507 nummos,
1101 1456 1261 1513 accipis
1285 1472 1425 1508 uvam,

227 1515 231 1519 '
262 1510 418 1565 pullos,
447 1526 538 1563 ova,
567 1512 722 1555 cadum
750 1513 924 1556 temeti:
960 1529 1113 1571 nempe
1139 1515 1267 1558 modo
1293 1516 1377 1559 isto

262 1569 477 1624 paulatim
509 1571 712 1614 mercaris
744 1587 913 1628 agrum,
947 1573 1132 1617 fortasse
1165 1575 1366 1618 trecentis

193 1642 243 1669 165
262 1633 339 1670 aut
363 1629 499 1672 etiam
523 1645 656 1686 supra
682 1646 958 1675 nummorum
986 1633 1166 1676 milibus
1192 1639 1418 1690 emptum.'

260 1688 368 1742 quid
397 1689 547 1740 refert,
576 1689 696 1732 vivas
725 1696 952 1733 numerato
981 1707 1118 1748 nuper
1144 1708 1202 1735 an
1231 1693 1372 1736 olim?

261 1751 430 1802 emptor
457 1747 634 1790 Aricini
660 1748 880 1804 quondam
909 1749 1104 1794 Veientis
1132 1757 1175 1794 et
1201 1750 1295 1795 arvi

261 1810 456 1861 emptum
484 1812 610 1849 cenat
637 1806 774 1859 holus,
803 1808 1003 1863 quamvis
1029 1809 1160 1853 aliter
1188 1816 1339 1866 putat:
1374 1812 1531 1868 emptis

278 1920 497 1967 (omnm
587 1922 768 1970 &234⁵

281 2026 358 2062 150
386 2028 593 2065 habuerunt
615 2028 664 2075 Q)
680 2029 731 2077 Θ
755 2031 908 2075 Ρονρὴ.,
939 2034 1039 2068 extat
1067 2033 1109 2068 in
1135 2035 1224 2078 αδφ
1240 2032 1343 2070 Goth.
1359 2044 1398 2078 ς,
1431 2035 1530 2071 omis.

185 2073 349 2118 BER-111
360 2076 434 2110 λΖπ
467 2077 511 2112 ob
544 2079 732 2121 repetitam
765 2078 968 2114 clausulam
1088 2078 1164 2115 152
1189 2079 1373 2116 donarent
1400 2081 1449 2128 Ε)
1470 2081 1531 2129 ᾧ),

185 2121 360 2157 douai-int
384 2123 539 2170 Bentley
617 2123 819 2160 158-192
845 2126 965 2169 deficit
989 2127 1048 2169 D;
1074 2126 1264 2174 [ῶεαΕ]
1338 2127 1413 2164 158
1438 2140 1531 2164 mer-

184 2171 290 2204 catus
316 2172 354 2204 et
379 2180 462 2205 aere
488 2172 546 2206 est
570 2173 642 2216 (est
666 2173 765 2208 omis.
781 2173 864 2215 Ru)
883 2173 931 2219 (D
947 2173 998 2221 ᾧ)
1017 2174 1155 2211 Bland.
1175 2175 1324 2221 Por-ph„
1348 2178 1533 2211 mercatur

185 2218 223 2251 et
247 2227 330 2252 aere
356 2218 469 2253 Fal&
492 2219 599 2254 schol.
621 2221 655 2254 Γ
671 2231 709 2264 p.
729 2222 818 2263 304,
836 2223 886 2256 26
990 2220 1066 2256 159
1091 2223 1134 2258 ob
1158 2222 1349 2268 mancipat
1373 2223 1529 2270 Eutych.

182 2275 332 2310 yramm.
363 2265 391 2300 V
414 2268 506 2309 480,
532 2269 557 2300 8
690 2266 763 2302 161
797 2267 951 2302 daturus
981 2269 1030 2315 (i)
1052 2268 1118 2316 ᾧ),
1151 2270 1303 2305 daturas
1336 2271 1367 2305 Φ
1392 2271 1528 2306 Βῑανιά.

186 2311 261 2347 168
280 2323 360 2348 cum
379 2312 540 2349 lemmate
559 2314 690 2349 temeti
708 2316 871 2360 exempla
895 2316 1008 2351 Vatic.
1022 2319 1091 2352 241
1113 2317 1291 2362 (cadunt),
1313 2318 1440 2354 Micon
1459 2320 1530 2353 394

183 2358 257 2394 167
285 2359 473 2404 quondam
500 2373 539 2402 ς,
566 2360 742 2405 quoniam
767 2362 815 2408 Q)
831 2362 882 2409 Θ
900 2363 1038 2398 Bland.
