1586 2514
584 65 723 102 EPOD.
753 69 807 102 12.
830 69 884 102 18.
1331 64 1414 107 159

107 167 371 212 indomitam
402 172 609 224 properat
641 165 807 209 rabiem
835 164 1000 216 sedare,
1033 180 1171 221 neque
1203 164 1272 206 illi

160 227 250 271 iam
278 231 427 270 manet
456 225 608 270 umida
635 231 752 269 creta
780 224 982 280 colorque
1376 238 1411 265 10

103 292 291 331 stercore
320 286 498 330 fucatus
526 285 736 330 crocodili
766 285 941 341 iamque
971 283 1167 328 subando

159 352 281 390 tenta
305 344 472 390 cubilia
499 350 698 402 tectaque
724 343 905 401 rumpit.
936 398 938 400 ,

103 405 173 450 vel
198 420 295 449 mea
322 420 419 448 cum
447 404 586 448 saevis
611 404 756 461 agitat
782 403 968 447 fastidia
993 403 1160 446 verbis:

157 465 355 509 'Inachia
384 465 565 522 langues
596 465 743 508 minus
770 479 820 507 ac
849 479 941 516 me;

106 525 332 569 Inachiam
359 531 426 568 ter
452 530 576 568 nocte
602 530 738 581 pote8‚
765 523 877 567 mihi
903 538 1072 580 semper
1097 523 1150 566 ad
1181 539 1314 567 unum
1373 538 1408 565 ιτ)

157 584 306 628 mollis
326 599 449 642 opus.
482 589 632 642 pereat
655 583 768 627 male
792 598 904 640 quae
926 589 970 627 te

103 644 263 689 Lesbia
291 644 519 702 quaerenti
550 650 726 688 taurum
756 643 1017 687 monstravit
1046 643 1244 694 inertem,

155 716 254 749 cum
287 704 399 748 mihi
435 704 550 748 Cous
582 704 751 748 adesset
783 704 1019 759 Amyntas,

100 764 226 809 cuius
253 764 303 809 in
334 764 550 808 indomito
579 763 849 808 constantior
877 763 1063 821 inguine
1093 779 1244 807 nervos

153 840 286 882 quam
309 839 419 868 nova
441 823 625 868 collibus
646 823 775 868 arbor
795 824 1006 867 inhaeret.
1051 838 1056 844 ·
1369 837 1407 865 20

100 884 342 928 muricibus
373 884 523 941 Tyriis
554 883 737 928 iteratae
766 883 925 927 vellera
954 883 1081 928 lanae

152 944 224 988 cui
251 944 633 1002 properabantur?
672 943 757 988 tibi
784 959 952 1001 nempe,

100 1020 152 1048 ne
180 1005 298 1048 foret
327 1004 521 1062 aequalis
549 1005 664 1048 inter
690 1004 884 1056 conviva,
915 1004 1059 1061 magis
1085 1020 1214 1062 quem

151 1064 360 1121 diligeret
383 1064 542 1108 mulier
565 1080 645 1108 sua
667 1079 800 1121 quam
825 1070 880 1107 te.

97 1139 124 1168 ο
149 1139 232 1181 ego
262 1139 349 1168 non
376 1124 504 1176 felix,
533 1139 667 1181 quam
695 1130 745 1167 tu
773 1125 912 1181 fugis,
944 1133 994 1168 ut
1021 1131 1150 1181 pavet
1180 1124 1291 1167 acris
1365 1139 1401 1165 ετ,

149 1199 266 1242 agna
295 1184 422 1241 lupos
453 1199 717 1241 capreaeque
747 1183 938 1228 leones!'

646 1388 791 1432 XIII.

95 1471 292 1516 Horrida
321 1478 555 1529 tempestas
585 1473 752 1516 caelum
781 1472 1004 1516 contraxit
1031 1478 1075 1516 et
1103 1471 1265 1515 imbres

147 1532 353 1589 nivesque
373 1531 595 1576 deducunt
617 1532 788 1586 Iovem;
835 1548 950 1575 nunc
970 1547 1103 1584 mare,
1125 1547 1239 1575 nunc
1260 1531 1399 1576 siluae

94 1591 300 1636 Threicio
328 1591 554 1649 Aquilone
582 1598 753 1646 sonant.
794 1592 1030 1649 rapiamus,
1062 1591 1208 1643 amici,

145 1651 414 1696 occasionem
439 1651 492 1695 de
518 1651 591 1696 die
633 1652 825 1709 dumque
848 1653 993 1696 virent
1017 1668 1160 1709 genua

93 1718 137 1755 et
161 1712 297 1764 decet,
327 1711 515 1755 obducta
537 1712 733 1756 solvatur
758 1713 906 1756 fronte
932 1718 1138 1756 senectus.
1379 1727 1398 1754 5

145 1777 194 1815 tu
213 1772 318 1816 vina
341 1772 564 1829 Torquato
585 1788 708 1816 move
746 1774 919 1816 consule
939 1788 1085 1829 pressa
1106 1788 1212 1816 meo.

131 1901 350 1949 &2ABG
441 1901 623 1950 (fflssw

133 2009 179 2045 11
207 2009 360 2056 iamque
385 2010 565 2046 subando·
576 2015 728 2055 propter
751 2010 897 2046 verbum
923 2010 1045 2054 adfert
1066 2010 1212 2056 Eutych
1244 2022 1396 2056 yramm.

45 2057 75 2093 V
99 2060 182 2100 467,
194 2061 242 2093 21
388 2057 439 2094 22
464 2057 766 2104 properabantur
788 2058 837 2105 ῤ)
854 2057 921 2112 Θ,
946 2058 1247 2104 properabuntur
1274 2059 1400 2095 ΑΒΗ

35 2103 87 2142 25
113 2116 136 2142 o
154 2116 225 2152 ego
242 2105 376 2143 infelix
396 2107 480 2151 (sic)
500 2117 612 2152 quem
634 2107 718 2151 (sic)
737 2107 780 2141 tu
800 2107 900 2152 fugis
919 2106 962 2142 ob
982 2119 1004 2142 o
1024 2117 1094 2150 ego
1114 2107 1237 2152 adfert
1256 2106 1398 2144 Charis.

35 2165 187 2201 gramm.
209 2155 237 2190 Ι
259 2158 378 2194 158,6
408 2155 454 2199 cf.
482 2157 645 2199 557,19,
676 2154 720 2190 ob
751 2165 772 2190 o
804 2155 952 2201 lonyam
986 2155 1137 2191 Μεῖνον.
1163 2167 1314 2202 gramm.
1344 2156 1399 2190 VJ

35 2204 121 2247 242,
134 2205 182 2239 14
204 2202 252 2247 cf·
276 2205 362 2245 230,
373 2205 425 2239 20

133 2250 198 2299 13,
217 2250 242 2286 2
267 2252 312 2288 ob
336 2250 456 2287 siluae
480 2252 590 2296 affert
613 2252 730 2288 Prisc.
753 2255 785 2295 1,
799 2254 846 2287 21
867 2263 906 2296 p.
928 2254 986 2295 16,
1001 2255 1057 2287 10.
1088 2254 1180 2295 7,21
1205 2263 1241 2296 p.
1262 2254 1346 2295 304,
1360 2255 1394 2288 8.

36 2301 133 2343 17‚8
150 2310 191 2344 p.
213 2302 295 2342 112,
307 2302 357 2335 23
453 2298 478 2335 8
503 2299 615 2335 amici
639 2300 688 2347 ᾧ
705 2299 756 2347 ᾧ)
782 2300 930 2345 ])ον]ο1ι.,
955 2299 1074 2335 amice
1097 2300 1262 2346 Bentley,
1287 2300 1395 2346 Apici

37 2346 192 2391 Scheibe,
218 2347 327 2383 Anici
353 2347 399 2384 L.
430 2349 567 2386 Mzzller
908 2381 913 2385 .
