1586 2514
495 617 1222 684 EPISTVLARVM

619 761 814 805 LIBER
839 761 1088 805 PRIMVS.

842 868 879 911 I.

239 951 391 994 Prima
423 951 537 995 dicte
569 951 693 1004 mihi,
724 967 893 995 summa
924 951 1103 995 dicende
1135 951 1337 1004 Camena,

237 1016 479 1066 spectatum
510 1011 616 1054 satis
646 1017 688 1055 et
717 1011 925 1055 donatum
955 1012 1044 1055 iam
1074 1010 1179 1054 rude
1208 1011 1392 1067 quaeris,

239 1071 481 1122 Maecenas,
514 1070 674 1114 iterum
701 1071 884 1127 antiquo
914 1086 980 1114 me
1010 1070 1227 1113 includere
1255 1069 1394 1114 ludo?

239 1145 325 1172 non
353 1130 502 1173 eadem
528 1135 591 1173 est
616 1136 746 1182 aetas,
773 1145 860 1173 non
886 1146 1018 1174 mens.
1054 1129 1263 1172 Veianius
1288 1130 1420 1173 armis

203 1205 219 1231 5
240 1189 444 1232 Herculis
471 1189 526 1232 ad
553 1195 720 1246 postem
748 1189 858 1233 fixis
887 1190 995 1233 latet
1021 1188 1196 1232 abditus
1222 1203 1341 1245 agr0,

238 1263 291 1291 ne
321 1249 532 1304 populum
561 1254 753 1292 extrema
782 1249 939 1292 totiens
969 1254 1114 1292 exoret
1141 1248 1313 1292 harena.

237 1313 301 1350 est
332 1307 442 1350 mihi
472 1314 704 1364 purgatam
734 1308 881 1351 crebro
909 1307 984 1365 qui
1015 1313 1212 1365 personet
1241 1323 1412 1351 aurem:

239 1367 366 1410 ‘solve
392 1373 678 1411 senescentem
702 1374 871 1411 mature
895 1383 1022 1411 sanus
1047 1382 1215 1423 equom,
1240 1382 1294 1410 ne

238 1431 381 1483 peccet
412 1426 467 1469 ad
497 1433 737 1470 extremum
767 1427 973 1470 ridendus
1003 1432 1046 1470 et
1074 1426 1153 1469 ilia
1182 1426 1340 1470 ducat.'

188 1501 220 1528 10
239 1501 352 1529 nunc
380 1485 528 1542 itaque
554 1492 597 1529 et
620 1502 766 1529 versus
792 1492 834 1529 et
859 1492 997 1529 cetera
1023 1486 1189 1529 ludicra
1214 1500 1342 1542 pono,

234 1545 335 1600 quid
344 1560 489 1587 verum
500 1548 624 1600 atque
635 1546 794 1600 decem,
803 1560 902 1588 curo
913 1548 954 1587 et
963 1559 1067 1601 rogo
1080 1547 1120 1586 et
1130 1548 1266 1587 omnis
1278 1545 1411 1588 inhoc
1419 1560 1529 1588 sum:

238 1605 373 1648 condo
400 1610 443 1647 et
467 1620 659 1661 conpono
683 1621 791 1661 quae
817 1621 916 1648 mox
941 1606 1189 1661 depromere
1213 1605 1387 1661 possim.

238 1679 286 1707 ac
311 1679 363 1707 ne
386 1664 502 1707 forte
524 1679 661 1720 roges,
686 1680 771 1721 quo
794 1680 862 1707 me
885 1665 1004 1716 duce,
1029 1679 1114 1720 quo
1138 1663 1249 1706 Lare
1273 1669 1412 1707 tuter:

238 1723 402 1766 nullius
427 1723 639 1767 adductus
663 1724 806 1767 iurare
830 1724 877 1767 in
899 1723 1028 1766 verba
1052 1722 1267 1779 magistri,

186 1799 218 1824 15
237 1798 322 1839 quo
349 1798 416 1825 me
441 1798 623 1838 cumque
646 1783 764 1839 rapit
789 1788 1032 1839 tempestas,
1058 1782 1230 1825 deferor
1254 1782 1417 1838 hospes.

237 1857 350 1885 nunc
375 1841 506 1898 agilis
529 1841 596 1884 fio
620 1846 663 1884 et
686 1857 847 1885 mersor
870 1841 1071 1885 civilibus
1095 1841 1236 1892 undis,

235 1901 412 1944 virtutis
437 1916 560 1944 verae
582 1906 722 1944 custos
745 1902 998 1958 rigidusque
1020 1900 1211 1953 satelles;

237 1977 349 2004 nunc
375 1961 422 2004 in
445 1960 668 2017 Aristippi
693 1961 853 2004 furtim
877 1966 1102 2017 praecepta
1124 1959 1292 2003 relabor

278 2077 510 2124 &amm
602 2075 672 2123 Q:
688 2077 796 2122 (ΕΦ
816 2094 859 2106 =
880 2077 1063 2120 msam>

279 2184 422 2220 EPIST.
441 2184 477 2230 1,
494 2184 531 2230 1,
547 2183 566 2218 1
596 2184 638 2219 ob
662 2183 875 2219 sententiam
901 2184 1006 2227 affert
1031 2182 1124 2219 Serv.
1147 2182 1223 2217 buc.
1244 2184 1281 2225 8,
1295 2185 1339 2217 11
1412 2180 1437 2217 4
1457 2181 1527 2217 Ve-

183 2233 306 2268 ianius
333 2253 373 2258 ——
403 2232 515 2267 armis
546 2232 588 2267 ob
612 2242 686 2267 rem
713 2230 806 2266 Serv.
828 2231 919 2266 Aen.
942 2234 980 2274 1,
1000 2233 1073 2266 248
1178 2229 1202 2263 6
1229 2231 1355 2264 exoret
1378 2229 1528 2277 Θρᾒ

182 2281 288 2317 schol.
303 2281 383 2323 PV,
409 2281 562 2315 exornet
583 2280 613 2313 Φ
686 2277 734 2313 12
761 2278 803 2313 ob
829 2279 948 2313 condo
972 2279 1078 2314 schol.
1101 2277 1226 2313 Veron.
1246 2277 1346 2324 Very.
1367 2278 1444 2313 buc.
1458 2280 1492 2321 6,
1506 2279 1528 2313 7

181 2340 216 2373 p.
239 2331 312 2364 397
409 2326 457 2362 14
483 2326 666 2361 adductus
690 2326 738 2372 (1)
755 2325 820 2372 Θ,
853 2325 1026 2361 addictus
1056 2327 1085 2360 Φ
1109 2336 1154 2361 ex
1178 2324 1331 2369 Porph„
1365 2325 1429 2371 qui
1451 2325 1528 2370 ipse

183 2376 301 2412 utitur
325 2375 389 2411 hoc
413 2375 528 2419 verbo,
553 2385 628 2411 non
647 2385 717 2420 pro
743 2373 954 2409 Horatiano
1052 2372 1098 2409 17
1127 2371 1269 2407 satellis
1296 2373 1327 2408 Φ
