1586 2514
524 84 588 120 DE
613 85 742 121 ARTE
770 85 984 123 POETICA.
1342 89 1428 132 309

74 190 123 230 ut
147 185 236 230 iam
262 201 377 230 nunc
403 185 524 229 dicat
548 185 638 229 iam
663 201 778 230 nunc
803 185 1008 230 debentia
1034 186 1137 238 dici,

71 245 278 303 pleraque
299 245 490 289 differat
511 250 555 289 et
577 260 777 302 praesens
801 246 849 289 in
871 251 1043 303 tempus
1066 247 1256 291 omittat.
1389 264 1423 290 44

71 305 121 350 in
143 304 287 350 verbis
313 305 447 349 etiam
474 304 619 348 tenuis
645 311 882 363 cautusque
899 305 1100 349 ,serendis
1389 323 1424 350 46

73 365 151 409 hoc
179 370 312 417 amet,
344 364 424 409 hoc
455 370 633 421 spernat
663 365 867 422 promissi
898 365 1105 409 carminis
1137 372 1300 411 auctor.
1388 383 1423 410 45

72 424 238 469 dixeris
261 424 449 482 egregie,
474 429 628 468 notum
653 424 691 468 si
718 425 879 469 callida
902 424 1081 469 verbum
1389 443 1424 470 47

75 484 316 528 reddiderit
343 484 547 528 iunctura
575 499 745 528 novom.
787 485 824 529 si
857 485 975 529 forte
1003 501 1171 530 necesse
1200 493 1265 531 est

69 544 251 588 indiciis
269 550 509 588 monstrare
529 544 775 589 recentibus
795 545 946 589 abdita
967 560 1136 589 rerum:
1164 552 1208 590 et

69 604 246 661 fingere
276 604 484 648 cinctutis
514 619 603 649 non
632 605 842 649 exaudita
875 605 1082 662 Cethegis
1385 623 1424 650 ω

70 663 297 721 continget
322 663 589 722 dabiturque
617 664 798 709 licentia
824 671 1002 722 sumpta
1030 665 1258 723 pudenter,

0 742 1 746 ¹
70 729 113 767 et
136 738 247 767 nova
269 722 469 781 fictaque
491 739 630 784 nuper
654 724 876 769 habebunt
903 725 1029 769 verba
1052 725 1209 778 fidem,
1233 727 1272 771 si

69 782 238 827 Graeco
268 783 395 827 fonte
426 783 581 828 cadent
612 799 738 842 parce
770 784 954 829 detorta.
997 785 1106 842 quid
1138 791 1285 830 autem

69 841 252 886 Caecilio
278 842 516 899 Plautoque
541 843 659 887 dabit
683 843 901 887 Romanus
928 845 1171 900 ademptum

72 902 263 959 Vergilio
284 903 539 960 Varioque?
578 919 658 962 ego
691 920 781 957 cur,
814 905 1042 962 adquirere
1074 921 1211 962 pauca
1392 923 1425 949 οε

68 962 106 1006 si
138 977 328 1020 possum,
362 963 572 1016 invideor,
606 980 706 1008 cum
739 965 894 1022 lingua
927 965 1108 1008 Catonis
1140 971 1184 1009 ct
1220 966 1337 1011 Enni

68 1037 309 1067 sermonem
332 1023 527 1080 patrium
547 1023 758 1068 ditaverit
780 1030 824 1068 et
847 1040 958 1068 nova
980 1041 1124 1069 rerum

6 1115 9 1117 >
70 1082 248 1127 nomina
278 1083 547 1140 protulerit?
585 1084 714 1128 licuit
740 1100 995 1142 semperque
1026 1084 1177 1129 licebit

71 1143 294 1200 signatum
319 1149 543 1200 praesente
568 1150 672 1188 nota
699 1145 934 1202 procudere
961 1160 1130 1188 nomen.

156 1275 420 1332 &anon
513 1283 694 1334 &RQ

159 1402 224 1442 48.
245 1403 297 1441 44
316 1406 359 1442 ob
378 1405 594 1442 sententiam
611 1406 722 1450 affert
738 1406 836 1443 Serv.
852 1406 973 1452 praef.
991 1407 1083 1443 Aen.
1130 1433 1138 1442 .
1159 1410 1193 1451 5,
1207 1411 1231 1443 3
1304 1407 1355 1444 43
1376 1408 1427 1443 Vt

132 1458 173 1496 ῶ
197 1452 330 1498 (Serv.)
355 1453 493 1500 Porph.
512 1454 537 1490 i.
555 1454 654 1491 schol
674 1455 755 1498 ΓΡ,
780 1455 858 1490 Aut
885 1456 916 1490 Φ
1008 1453 1072 1491 45.
1093 1418 1145 1490 ἷθ
1170 1456 1223 1492 sic
1247 1457 1427 1493 ordinant

131 1505 173 1543 ῶ
196 1502 332 1547 Pon-ph.
351 1503 376 1538 i.
390 1501 496 1539 schol.
511 1501 592 1545 PV,
612 1503 842 1548 transposuit
860 1502 1014 1549 Bentley
1021 1516 1035 1546 ;
1061 1503 1190 1539 vitium
1210 1505 1426 1551 antiquissi-

61 1560 160 1586 mum
179 1550 345 1601 videtur-‚t
354 1560 436 1586 cum
454 1550 532 1587 iam
549 1549 698 1587 Servius
715 1555 769 1587 tcr
795 1551 903 1595 (Aen.
917 1553 952 1594 4,
966 1553 1048 1586 412.
1062 1553 1134 1587 415
1154 1563 1272 1600 yeory.
1286 1556 1323 1597 2,
1336 1555 1425 1597 475)

62 1608 167 1634 versu
191 1600 239 1634 45
263 1608 341 1634 non
364 1598 408 1635 dc
431 1598 569 1635 delectu
591 1599 794 1643 verborum,
825 1599 887 1635 sed
911 1598 956 1635 dc
979 1599 1114 1643 affectu
1138 1601 1312 1638 movendo
1336 1611 1427 1637 usus

59 1645 110 1682 sit
157 1645 434 1695 spernatQQD
447 1646 580 1692 Por-ph.
595 1647 619 1683 i.
632 1647 739 1684 schol.
756 1647 837 1691 FV,
856 1648 1008 1693 spernet
1021 1647 1058 1683 Β
1068 1647 1098 1684 0
1162 1646 1211 1684 47
1229 1670 1273 1676 -
1288 1660 1425 1685 novum

61 1692 104 1729 ob
129 1694 415 1730 consecutionem
439 1698 638 1740 temporum
664 1695 781 1732 Prisc.
805 1698 864 1737 18,
884 1698 954 1731 101
973 1707 1014 1741 p.
1034 1697 1118 1738 254,
1139 1698 1187 1731 17
1288 1696 1426 1733 dixeris

59 1739 172 1824 ΞΘ
188 1741 296 1778 schol.
318 1741 388 1778 ΓΟ
405 1743 571 1787 (Prisc),
596 1742 734 1779 dixerit
752 1744 790 1779 B
863 1741 915 1779 49
934 1743 973 1778 et
989 1742 1041 1791 Θ
1054 1744 1244 1790 (mand),
1263 1746 1365 1782 omi&
1377 1745 1427 1792 Q

144 1788 188 1825 ob
215 1789 407 1836 omoeyum
436 1790 543 1826 schol.
564 1790 708 1827 Lucan.
729 1794 771 1835 2,
791 1793 863 1827 543
968 1790 1163 1827 cinctutis:
1196 1792 1425 1830 militaribus

60 1836 132 1882 β-ρ.
153 1837 246 1873 Bob.
265 1848 417 1884 qramm.
445 1838 629 1882 V11543,
648 1841 698 1875 39
817 1837 868 1875 52
897 1859 938 1864 —
967 1838 1116 1874 detorta
1150 1841 1193 1877 ob
1227 1852 1302 1878 rem
1327 1841 1423 1878 Serv.

61 1883 154 1919 Aen.
176 1886 218 1928 6,
236 1887 284 1921 34
393 1884 555 1930 fictaque
578 1886 628 1934 Q
649 1886 701 1935 Θ
732 1887 854 1932 (schol.
883 1887 973 1932 PV)
1007 1886 1158 1932 (Serv),
1194 1887 1371 1935 factaque
1404 1900 1426 1928 ς

61 1929 113 1967 58
143 1931 281 1968 cadent
310 1932 360 1980 Q
381 1932 433 1981 Θ
458 1933 596 1970 Bland.
623 1935 776 1981 Por-ph„
808 1934 948 1971 cadant
979 1946 1032 1974 ας
1059 1935 1190 1981 (Serv.)
1313 1947 1425 1983 parce

59 1978 113 2063 ἓῖ
131 1978 198 2028 Θ,
231 1980 311 2015 arte
337 1980 374 2016 B
482 1979 533 2017 54
566 1981 786 2029 ademptum
811 1983 859 2030 Q
882 1982 933 2031 Θ
959 1984 1112 2028 ΡωῬῙι.,
1144 1984 1325 2030 adeptum
1352 1986 1428 2022 BC

139 2037 210 2073 ego
237 2049 280 2054 —
307 2027 479 2064 invideor
502 2029 547 2065 ob
567 2031 759 2075 passivum
783 2032 900 2067 Prisc.
922 2033 989 2074 18,
1009 2033 1082 2067 138
1107 2043 1149 2077 p.
1168 2035 1255 2078 271,
1272 2036 1343 2078 21;
1378 2034 1426 2078 cf.

62 2075 159 2122 Any.
179 2087 331 2122 qramm.
352 2077 387 2112 V
401 2078 486 2119 512,
503 2079 549 2112 17
572 2078 708 2123 Por-ph.
728 2084 762 2115 et
783 2079 891 2116 schol.
907 2079 980 2114 PV
990 2090 1028 2124 p.
1051 2081 1135 2123 318,
1150 2083 1197 2116 10
1271 2081 1322 2119 59
1341 2092 1427 2128 pro-

0 2160 1 2163 ,
61 2121 198 2159 ducere
222 2133 359 2159 nomen
383 2123 432 2172 Q
447 2123 500 2172 Θ
519 2125 706 2171 (Biana),
732 2127 936 2173 procudere
956 2127 1041 2170 (hoc
1064 2128 1141 2163 iam
1167 2132 1205 2172 ς)
1233 2141 1426 2165 nummum

61 2170 246 2207 Lm'sinus
389 2170 541 2207 ‹to—62
576 2173 619 2209 ob
651 2177 866 2211 sententiam
899 2175 1008 2218 affert
1037 2175 1206 2213 Diomed.
1232 2189 1384 2224 qramm.
1404 2178 1428 2212 1

60 2220 145 2262 400,
165 2222 210 2255 11
217 2233 232 2264 ;
266 2220 312 2263 cf.
339 2223 508 2265 excerpta
532 2220 758 2259 Lammina
789 2234 942 2270 qramm.
971 2223 1006 2258 V
1019 2225 1110 2267 326,
1131 2226 1154 2259 4
1252 2224 1426 2260 Valerius

61 2267 206 2304 Probus
231 2295 238 2303 .
261 2295 268 2302 .
291 2274 302 2303 .'
325 2266 524 2303 Horatium
562 2267 698 2305 dixisse
736 2270 807 2306 ait:
848 2271 907 2306 ‘ut
937 2282 964 2306 s.
990 2269 1099 2307 flores
1131 2283 1167 2318 p.
1194 2285 1241 2308 m.
1268 2273 1294 2309 i.
1321 2284 1354 2308 a..
1387 2274 1426 2308 et

60 2314 183 2361 prima
216 2314 358 2351 cedunt
390 2314 446 2352 ita
479 2326 513 2350 u.
540 2317 650 2351 uetus
676 2343 684 2351 .
707 2347 713 2353 .
737 2346 743 2353 .
770 2320 831 2354 rat
865 2320 970 2355 aetas
1003 2321 1043 2354 et
1072 2330 1172 2356 noua
1199 2320 1221 2357 i.
1242 2333 1270 2358 r.
1291 2321 1426 2357 florent

62 2363 185 2399 motat
207 2364 402 2410 augentqss
430 2364 469 2399 et
492 2362 558 2399 rel.
