1586 2514
609 102 756 140 CARM.
784 101 800 136 1
821 104 876 138 17.
1372 96 1430 140 29

666 213 824 257 XVII.

334 299 474 344 Velox
499 313 731 343 amoenum
753 311 881 353 saepe
907 294 1175 346 Lucretilem

337 365 482 404 mutat
513 358 686 415 Lycaeo
716 357 900 401 Faunus
930 361 974 399 et
1005 355 1182 412 igneam

390 418 595 464 defendit
625 422 834 462 aestatem
865 415 1045 473 capellis

445 494 580 536 usque
608 477 716 521 meis
743 476 1001 534 pluviosque
1027 480 1191 518 ventos.

336 600 503 657 inpune
528 604 675 643 tutum
701 612 779 654 per
802 611 955 640 nemus
981 595 1159 639 arbutos
1413 607 1430 634 5

337 664 555 717 quaerunt
581 656 760 701 latentis
787 662 830 700 et
855 656 1010 712 thyma
1039 654 1188 698 deviae

391 718 550 763 olentis
577 732 732 762 uxores
759 716 911 760 mariti

446 794 523 823 nec
550 778 708 822 viridis
738 782 938 820 metuont
966 774 1166 820 colubras

337 914 415 944 nec
438 898 666 943 Martialis
691 897 909 941 haediliae
932 896 1073 953 lupos,

338 966 574 1016 utcumque
598 957 732 1009 dulci,
761 956 976 1014 Tyndari,
1003 955 1164 999 fistula
1398 968 1432 995 ιο

392 1019 526 1064 valles
555 1024 599 1063 et
626 1018 801 1062 Vsticae
829 1017 1031 1061 cubantis

446 1079 560 1123 levia
582 1093 842 1136 personuere
865 1093 983 1121 saxa.

341 1199 390 1244 di
417 1215 486 1243 me
512 1204 707 1251 tuentur,
736 1198 806 1241 dis
833 1198 975 1254 pietas
1001 1211 1096 1240 mea

340 1265 385 1304 et
411 1275 535 1304 musa
562 1258 683 1303 cordi
711 1264 788 1302 est.
828 1257 931 1301 hinc
958 1256 1044 1300 tibi
1068 1255 1195 1313 copia

393 1319 593 1364 manabit
620 1319 675 1363 ad
703 1318 883 1376 plenum
911 1317 1103 1373 benigno
1399 1329 1433 1356 15

398 1411 409 1423 .
448 1379 572 1423 ruris
591 1379 805 1424 honorum
834 1377 1041 1434 opulenta
1070 1391 1216 1419 cornu.

345 1500 417 1544 hic
441 1500 491 1544 in
515 1499 694 1543 reducta
717 1498 831 1542 valle
859 1497 1096 1541 Caniculae

341 1559 505 1604 vitabis
529 1565 673 1603 aestus
698 1564 742 1602 et
766 1558 863 1601 fide
891 1558 998 1601 Teia

396 1620 514 1663 dices
542 1619 785 1663 laborantis
813 1619 862 1662 in
891 1633 977 1661 uno

450 1679 699 1736 Penelopen
724 1678 996 1734 vitreamque
1025 1676 1206 1730 Circen3
1401 1689 1438 1717 20

166 1798 451 1847 &zABDE
543 1796 726 1845 Θιηφ

170 1906 237 1955 17,
258 1906 279 1943 1
309 1907 428 1944 Prisc.
450 1908 510 1950 18,
529 1908 604 1942 188
626 1917 663 1952 p.
684 1908 773 1949 296,
791 1907 816 1941 8
850 1904 978 1949 ‘saepe
1000 1924 1042 1930 -
1064 1903 1226 1948 Lycaeo’
1254 1913 1322 1948 pro
1350 1901 1438 1947 ‘Hy—

75 1965 207 1991 caeum
231 1955 355 1991 mutat
380 1953 574 1990 Lucretili’
674 1953 698 1989 2
725 1954 876 2000 igneam
895 1973 942 1979 —-
962 1951 1056 1987 meis
1081 1952 1125 1987 ob
1149 1950 1320 1987 defendit
1338 1950 1435 1987 Serv.

74 2003 153 2040 buc.
180 2006 215 2048 7,
233 2005 283 2039 47
382 2002 401 2037 7
429 2002 472 2038 ob
498 2001 626 2038 mariti
652 2002 748 2038 Serv.
777 2002 855 2038 buc.
878 2003 912 2045 7,
932 2003 955 2036 7
1053 1999 1076 2035 8
1102 1999 1146 2035 ob
1171 1998 1310 2034 virides
1328 1998 1437 2035 schol.

75 2051 166 2088 Stat.
199 2051 308 2088 Theb.
329 2053 364 2095 5,
384 2053 457 2087 549
559 2050 585 2085 9
610 2049 800 2085 haediliae
824 2049 876 2097 Q
900 2048 1072 2094 (Poaeph.)
1099 2048 1154 2091 Β,
1185 2048 1232 2092 cf.
1259 2047 1440 2083 szcheler

72 2100 357 2184 wem·
382 2100 523 2183 113⁷&
550 2147 774 2190 m„
783 2094 1270 2189 ffi5322-„2221m2222222
1292 2094 1441 2179 κ

75 2195 231 2242 finyitm·
259 2195 347 2241 imp.
376 2195 432 2231 M.
453 2194 631 2231 Aurelius
658 2196 701 2230 in
724 2195 827 2240 epist.
853 2193 957 2240 apud
985 2192 1171 2228 Gallie-an.
1198 2191 1309 2228 Avia.
1337 2191 1437 2228 Gaas.

77 2246 135 2288 11,
153 2245 198 2288 8,
233 2243 280 2289 cf.
309 2243 429 2280 Carm.
455 2243 570 2290 epiyr.
595 2245 682 2287 227,
707 2245 733 2279 2
771 2251 822 2287 (a.
853 2243 942 2286 136)
980 2252 1090 2276 musa
1114 2251 1203 2275 nam
1228 2238 1332 2276 cordi
1358 2239 1438 2275 deis

77 2289 129 2327 14
152 2291 241 2328 hinc
264 2291 314 2340 Q
335 2291 388 2340 Q
411 2290 652 2337 Porph.,·hic
677 2292 751 2327 Du:
850 2289 900 2326 16
925 2289 1107 2325 honorum
1132 2288 1182 2336 (D
1204 2287 1272 2336 Q,
1298 2287 1439 2323 honore

79 2340 248 2386 (Por-ph.)
371 2339 420 2376 18
446 2340 485 2375 et
512 2360 555 2366 —-
579 2338 672 2375 Teia
708 2339 752 2376 ob
789 2350 921 2375 nomen
958 2338 1064 2374 schol.
1104 2339 1139 2372 Γ
1173 2337 1273 2382 epod.
1310 2339 1371 2378 14,
1393 2339 1440 2371 10

80 2387 129 2423 19
155 2386 264 2426 Dices
288 2387 338 2436 Θ
353 2387 406 2436 Θ
427 2388 535 2424 schol.
564 2388 641 2423 ΑΓ
664 2387 787 2432 (schol.
809 2388 909 2423 Pers.
931 2389 967 2428 6,
986 2388 1039 2431 4),
1065 2384 1195 2420 Disces
1222 2384 1334 2422 BRs
