1586 2514
209 92 292 135 192
755 93 896 131 SERM.
921 93 939 130 1
957 97 990 130 5.

274 207 409 248 paene
435 207 600 236 macros
627 192 737 236 arsit
762 192 868 236 dum
895 192 1046 236 turdos
1071 197 1212 236 versat
1238 192 1286 236 in
1310 191 1432 249 igni:

279 266 380 294 nam
410 266 522 308 vaga
552 266 629 308 per
658 257 844 296 veterem
874 251 1044 309 dilapso
1074 251 1259 295 flamma
1288 250 1478 295 culinam

277 304 467 354 Volcano
489 326 709 355 summum
734 310 994 369 properabat
1017 310 1206 355 lambere
1228 315 1404 354 tectum.

226 384 260 411 75
279 369 478 413 convivas
503 370 652 414 avidos
679 386 827 414 cenam
853 385 1078 427 servosque
1103 369 1299 414 timentis

278 434 374 472 tum
404 444 554 486 rapere
585 435 716 487 atque
745 430 886 474 omnis
917 430 1184 486 restinguere
1212 429 1322 473 velle
1351 428 1530 473 videres.

277 487 437 544 incipit
461 503 514 532 ex
541 488 619 532 illo
644 489 805 533 montis
829 488 999 547 Apulia
1023 495 1147 532 notos

278 553 493 591 ostentare
521 548 646 601 mihi,
676 563 785 605 quos
812 554 948 592 torret
975 548 1197 592 Atabulus
1225 553 1268 592 et
1295 563 1402 605 quos
1473 547 1477 550 ’

278 622 502 663 nunquam
529 609 784 664 erep'semus,
815 607 902 651 nisi
931 622 1008 650 nos
1035 607 1180 651 vicina
1210 606 1375 650 Trivici

225 680 261 707 eo
278 665 385 709 villa
415 666 644 723 recepisset
675 666 902 710 lacrimoso
933 682 1019 710 non
1051 666 1143 710 sine
1173 666 1314 719 fumo,

278 724 385 768 udos
411 740 510 769 cum
538 726 663 770 foliis
689 741 830 770 ramos
858 732 1007 770 urente
1035 725 1216 770 camino.

278 784 348 828 1110
375 800 455 842 ego
484 785 733 830 mendacem
757 786 1043 830 stultissimus
1070 800 1204 842 usque
1230 785 1421 842 puellam

277 844 332 887 ad
357 844 545 888 mediam
572 851 741 889 noctem
765 852 963 902 exspecto
976 861 986 898 ;
1019 860 1193 888 somnus
1216 851 1362 888 tamen
1385 845 1533 889 aufert

277 903 497 947 intentum
526 905 698 948 veneri:
737 911 832 950 tum
862 904 1074 948 inmundo
1104 904 1272 948 somnia
1302 903 1398 948 visu

224 978 259 1004 85
279 969 534 1007 nocturnam
563 970 724 1008 vestem
756 964 975 1008 maculant
1005 970 1281 1020 ventremque
1311 963 1530 1020 supinum.

277 1028 485 1078 quattuor
508 1023 609 1066 hinc
634 1024 830 1080 rapimur
851 1023 1014 1080 viginti
1037 1029 1080 1066 et
1103 1023 1236 1066 milia.
1250 1022 1404 1075 raedis,

277 1082 471 1125 mansuri
499 1082 722 1139 oppidulo,
752 1082 867 1139 quod
893 1098 1017 1125 versu
1045 1082 1185 1126 dicere
1211 1097 1298 1126 non
1324 1088 1401 1135 est,

276 1140 417 1197 signis
446 1142 655 1198 perfacile
687 1147 775 1185 est:
810 1141 930 1185 venit
959 1141 1172 1192 vilissima
1202 1157 1346 1185 rerum

278 1201 347 1243 1110
378 1216 503 1257 aqua,
535 1201 610 1244 sed
639 1201 765 1257 panis
794 1201 922 1257 longe
953 1200 1251 1257 pulcerrimus,
1284 1200 1399 1244 ultra

224 1274 260 1302 90
278 1259 462 1303 callidus
490 1265 539 1303 ut
567 1260 703 1303 soleat
729 1260 890 1303 umeris
917 1266 1089 1316 portare
1114 1260 1268 1303 viator.

280 1332 381 1360 nam
403 1317 567 1361 Canusi
587 1317 821 1375 lapidosus,
843 1333 980 1374 aquae
1000 1333 1087 1361 non
1107 1317 1244 1361 ditior
1266 1333 1387 1370 urna,

277 1378 354 1435 qui
382 1378 499 1422 locus
528 1394 554 1422 a
580 1379 691 1422 forti
720 1379 932 1422 Diomede
959 1385 1024 1422 est
1051 1379 1251 1422 conditus
1278 1378 1398 1422 olim.

277 1438 492 1481 flentibus
524 1438 625 1481 hinc
657 1438 815 1482 Varius
846 1438 1032 1482 discedit
1063 1444 1251 1482 maestus
1282 1438 1446 1482 amicis.

277 1497 380 1541 inde
408 1497 559 1541 Rubos
589 1498 695 1541 fessi
724 1498 1010 1554 pervenimus,
1040 1503 1191 1555 utpote
1220 1497 1399 1554 longum

224 1572 259 1599 95
278 1562 499 1614 carpentes
530 1557 615 1600 iter
646 1563 690 1600 et
719 1558 887 1600 factum
917 1557 1165 1614 corruptius
1195 1557 1341 1601 imbri.

277 1622 447 1673 postera
476 1622 708 1673 tempestas
737 1616 904 1668 melior,
932 1616 1005 1659 via
1033 1616 1154 1673 peior
1181 1616 1237 1660 ad
1266 1631 1400 1673 usque

280 1675 385 1719 Bari
411 1675 582 1719 moenia
607 1675 787 1732 piscosi;
820 1675 922 1719 dein
946 1675 1111 1719 Gna-tia
1135 1675 1352 1732 Lymphis

276 1735 403 1779 iratis
432 1741 650 1778 exstructa
679 1734 802 1778 dedit
829 1734 1025 1791 risusque
1053 1734 1265 1791 iocosque,

277 1794 383 1838 dum
414 1794 599 1838 flamma
629 1794 723 1838 sine
754 1799 853 1838 tura
883 1794 1117 1850 liquescere
1146 1794 1300 1838 limine
1330 1809 1449 1838 sacro

208 1869 261 1896 100
278 1854 535 1911 persuadere
565 1853 700 1910 cupit.
744 1853 890 1897 credat
922 1853 1108 1898 Iudaeus
1139 1853 1313 1911 Apella,

298 1947 608 1994 (DnchEK
702 1946 882 1994 ΘΞΒΦ

303 2017 350 2054 79
376 2017 522 2064 dilapso
546 2018 611 2065 Q),
643 2017 795 2063 delapso
819 2017 958 2065 QDOK
1052 2017 1100 2054 78
1124 2018 1242 2054 torret
1263 2017 1313 2064 G)
1328 2016 1380 2065 Θ
1402 2016 1550 2062 Poe-ph„

204 2067 320 2102 terret
340 2066 415 2103 GE
472 2066 518 2110 cf.
542 2065 632 2102 Gen.
644 2068 682 2109 2,
694 2068 754 2106 22.
768 2068 815 2102 25
835 2067 878 2102 ut
895 2067 954 2101 est
967 2064 1192 2101 Horatianus
1211 2075 1359 2111 quoque
1377 2063 1442 2100 ille
1461 2066 1550 2100 Ata-

205 2113 314 2150 bulus
389 2113 438 2150 79
457 2112 583 2149 11111101
603 2113 704 2150 aco
718 2113 865 2159 Porph„
884 2112 1022 2148 triuuci
1036 2113 1086 2157 K,
1105 2112 1231 2148 tricini
1243 2111 1374 2148 ΗΕΒ
1420 2110 1471 2148 92
1489 2122 1548 2147 ex-

203 2162 326 2198 hibent
349 2161 511 2206 exempla
538 2161 651 2198 Vatic.
671 2163 745 2197 249
770 2162 813 2197 ob
838 2160 1035 2204 Diomede;
1065 2172 1204 2197 versu-u.
1235 2160 1373 2196 delebat
1397 2159 1550 2205 Bentley

205 2208 255 2245 99
281 2208 368 2244 111110
385 2209 434 2256 Q]
450 2208 517 2257 Θ,
549 2208 609 2245 hic
635 2209 679 2245 K
687 2208 728 2248 ις
824 2206 877 2244 94
903 2229 946 2235 -
965 2208 1198 2254 pervenimus
1224 2209 1268 2244 ob
1291 2218 1421 2244 nomen
1444 2207 1551 2251 affert

204 2256 301 2294 Serv.
320 2268 436 2304 yeory.
457 2260 491 2300 1,
509 2258 586 2292 266
657 2256 705 2292 97
728 2255 815 2292 dein
829 2255 904 2301 (dei
919 2256 976 2300 K)
994 2256 1053 2303 ᾧ,
1072 2255 1207 2291 dehinc
1229 2257 1271 2299 Φ,
1290 2254 1398 2291 deinc
1417 2254 1484 2298 R’,
1497 2254 1551 2291 Β*

205 2315 279 2340 non
292 2304 425 2350 leyitur
472 2303 604 2350 gnatia
618 2303 788 2350 (guantia.
802 2304 860 2349 K)
873 2304 922 2351 Θ
1000 2304 1125 2350 Porph
1137 2331 1148 2347 ‚
1160 2302 1284 2349 gratia
1299 2302 1377 2338 ΒΦ
1434 2301 1485 2338 99
1505 2301 1549 2337 li·

204 2352 304 2388 mine
316 2351 434 2400 ῶρῇ,
447 2350 598 2387 flumine
611 2352 750 2388 OGoth.
802 2351 880 2387 1⁰0
890 2362 951 2387 ere
979 2353 1018 2387 at
1028 2363 1052 2386 a
1061 2350 1211 2398 ΒΕΘ,
1224 2349 1350 2386 credet
1362 2349 1392 2385 C
1397 2350 1438 2386 K
1445 2349 1549 2386 Goth.
