1586 2514
184 88 273 132 252
734 88 881 126 EPIST.
905 89 923 125 I
942 93 974 125 1.

238 193 402 243 quanto
430 187 593 231 devites
619 187 756 231 animi
781 187 1022 244 capitisque
1046 186 1193 231 labore

186 262 220 289 45
235 245 430 304 (inpiger
458 252 670 290 extremos
695 247 832 290 curris
858 252 1068 290 mercator
1093 246 1148 290 ad
1175 239 1343 299 Indos,’

238 322 315 362 per
346 321 463 350 mare
492 305 744 363 pauperiem
774 307 967 374 fugiens,
997 321 1073 362 per
1102 320 1218 358 saxa,
1249 322 1325 364 per
1354 305 1519 364 ignis):

239 380 292 408 ne
317 380 437 409 cures
460 381 510 409 ea
531 380 642 422 quae
664 366 796 409 stulte
819 366 993 409 miraris
1016 371 1058 408 et
1082 371 1218 422 optas,

238 425 400 468 discere
429 430 471 468 et
496 424 648 468 audire
673 431 716 468 et
742 425 912 469 meliori
939 425 1107 468 credere
1133 440 1219 469 non
1243 425 1344 469 vis?

238 484 336 540 quis
369 484 532 527 circum
563 499 697 541 pagos
728 490 771 528 et
799 485 961 528 circum
993 483 1184 540 compita
1214 500 1391 552 pugnax

184 559 221 585 50
240 559 400 610 magna
430 543 626 587 coronari
656 550 903 588 contemnat
932 543 1155 600 Olympia,
1184 543 1257 587 cui
1283 559 1393 601 spes,

238 603 309 646 cui
334 603 395 646 sit
419 602 615 647 condicio
638 603 779 647 dulcis
803 603 895 647 sine
919 603 1094 659 pulvere
1119 603 1323 660 palmae?

237 662 371 705 vilius
398 667 629 730 argentum
655 668 720 707 est
744 677 863 714 aur0,
890 661 1127 706 virtutibus
1150 677 1319 706 aurum.

238 721 277 764 o
308 721 434 773 cives,
465 721 591 775 cives,
621 722 866 779 quaerenda
895 721 1077 778 pecunia
1106 721 1297 778 primum
1327 727 1414 775 est;

237 781 377 824 virtus
405 786 503 837 post
528 781 742 825 nummos'
758 781 903 825 :haec
930 780 1063 824 Ianus
1087 796 1280 826 summus
1305 781 1399 825 ab
1386 796 1475 824 1mo

184 855 219 883 55
238 840 455 896 prodocet,
484 840 587 884 haec
611 840 811 884 recinunt
834 840 1008 884 iuvenes
1032 839 1197 884 dictata
1221 855 1423 897 senesque

238 899 372 942 ‘laevo
401 900 598 956 suspensi
627 900 788 943 loculos
818 898 1096 954 tabulamque
1125 899 1315 943 lacerto.’

183 973 220 1001 5s
238 963 302 1001 est
331 958 504 1002 animus
532 959 630 1010 tibi,
660 964 761 1002 sunt
787 973 927 1001 mores
955 964 998 1001 et
1025 958 1179 1015 lingua
1206 958 1419 1015 fidesque,

183 1033 219 1060 57
235 1017 311 1060 sed
342 1018 677 1074 quadringentis
706 1034 778 1061 sex
808 1023 970 1074 septem
1002 1017 1126 1061 milia
1155 1017 1334 1062 desunt:

238 1077 358 1133 plebs
387 1077 483 1120 eris.
520 1083 567 1121 at
591 1077 715 1134 pueri
742 1077 939 1120 ludentes
965 1076 1052 1120 ‘rex
1079 1076 1177 1120 eris’
1203 1077 1342 1129 aiunt,

185 1153 220 1178 60
239 1136 288 1179 ‘si
316 1142 428 1180 recte
453 1136 618 1180 facies!
651 1136 720 1179 hic
745 1151 894 1179 murus
917 1151 1072 1180 aeneus
1096 1142 1211 1180 esto:

238 1196 303 1238 nil
331 1197 519 1239 conscire
545 1195 644 1247 sibi,
671 1195 792 1239 nulla
818 1194 1046 1250 pallescere
1072 1195 1212 1252 culpa.

240 1255 410 1307 Roscia,
443 1255 513 1298 dic
542 1254 676 1307 sodes,
707 1254 860 1297 melior
887 1253 958 1297 lex
987 1270 1043 1298 an
1071 1270 1303 1311 puerorum
1332 1260 1395 1298 est

240 1315 383 1366 nenia,
407 1330 519 1371 quae
542 1330 726 1372 regnum
750 1318 862 1357 recte
888 1313 1153 1358 facientibus
1176 1314 1330 1366 offert,

237 1380 280 1416 et
309 1374 502 1418 maribus
530 1374 678 1418 Curiis
704 1379 748 1417 et
774 1373 1001 1417 decantata
1029 1373 1265 1418 Camillis?

184 1449 218 1475 65
238 1433 330 1476 isne
357 1434 441 1476 tibi
465 1433 621 1477 melius
644 1432 809 1484 suadet,
834 1431 911 1488 qui
936 1431 1039 1476 ‘rem
1063 1433 1214 1485 facias,
1240 1448 1344 1484 rem,

235 1492 273 1536 si
307 1494 457 1550 possis,
490 1498 616 1545 recte,
649 1492 686 1536 si
717 1507 817 1543 non,
849 1507 1119 1549 quocumque
1150 1492 1291 1544 modo,
1323 1490 1444 1544 rem‚'

239 1558 287 1595 ut
319 1553 500 1610 propius
532 1558 694 1609 spectes
725 1551 952 1595 lacrimosa
984 1558 1183 1609 poemata
1215 1551 1355 1609 Pupi;

238 1628 294 1656 an
320 1612 398 1668 qui
422 1612 646 1656 Fortunae
670 1616 713 1654 te
738 1626 985 1667 responsare
1009 1611 1216 1669 superbae

237 1671 424 1715 liberum
455 1677 498 1715 et
525 1677 713 1715 erectum
741 1685 940 1726 praesens
968 1671 1166 1714 hortatur
1193 1676 1236 1714 et
1262 1670 1420 1727 aptat?

185 1747 220 1773 70
238 1731 392 1787 quodsi
421 1747 488 1774 me
512 1730 699 1787 populus
723 1729 945 1774 Romanus
970 1731 1086 1773 forte
1110 1735 1246 1787 roget,
1271 1744 1347 1773 cur

277 1859 509 1906 (maevi)
600 1858 781 1906 ΘεΕΦ

279 1964 330 2001 44
355 1965 483 2002 labore
507 1965 633 2013 QQ,
670 1964 858 2010 repulsam
885 1966 985 2002 Βδπ
1015 1978 1059 2002 ex
1083 1968 1131 2001 43
1231 1962 1283 2000 48
1308 1962 1458 1999 Discere
1482 1964 1531 2010 (1)

183 2014 290 2050 schol.
317 2016 364 2057 Γ,
391 2013 522 2049 Dicere
703 2012 755 2048 50
786 2013 983 2049 coronari.
1022 2012 1096 2049 .Ol
1098 2011 1227 2058 ympia
1251 2012 1294 2047 ob
1319 2022 1392 2047 acc.
1411 2011 1527 2048 Prisc.

185 2065 243 2105 18,
256 2064 375 2107 2841).
392 2064 475 2106 359,
490 2063 512 2096 3
582 2059 605 2095 2
624 2061 772 2105 furatus
785 2065 835 2096 est
849 2061 1060 2098 Columhan.
1075 2061 1174 2106 epist.
1191 2062 1224 2103 1,
1237 2062 1261 2095 9
1303 2057 1412 2094 56=
1425 2070 1527 2096 serm.

185 2114 219 2152 1,
233 2112 266 2152 6,
281 2112 344 2145 74.-
362 2089 494 2145 haberit
511 2108 621 2155 (DQ
637 2108 743 2144 schol.
758 2110 809 2151 Γ,·
831 2109 958 2145 delevit
980 2109 1065 2154 Gay
1066 2112 1142 2144 etus
1159 2118 1235 2143 mm
1252 2110 1363 2150 reem
1387 2106 1530 2143 iocatur
1548 2137 1556 2143 .

183 2157 367 2193 Horatius
385 2158 580 2203 proprium
604 2156 790 2198 referendo
815 2168 955 2192 versum
1027 2155 1074 2191 57
1097 2159 1181 2192 ante
1203 2153 1253 2190 58
1275 2158 1420 2199 ponunt
1443 2153 1529 2191 aA'

181 2204 249 2252 Q,
278 2215 401 2240 verum
432 2205 595 2241 ordinem
625 2203 716 2238 dant
748 2204 788 2239 E
795 2215 837 2246 ς
874 2204 917 2240 de
943 2203 1209 2257 Porphyrionis
1239 2202 1386 2238 lectione
1415 2213 1529 2247 neque

183 2263 228 2288 ex
254 2252 369 2297 ‘ero
371 2252 420 2287 h?
453 2263 565 2298 neque
595 2262 640 2286 ecc
662 2251 769 2286 schol.
791 2232 864 2286 P'V
882 2255 1023 2288 constat
1100 2251 1138 2285 et
1162 2249 1292 2294 lingua
1315 2248 1441 2296 QQ,
1472 2250 1530 2284 est

183 2300 314 2346 lingua
339 2300 406 2339 Ες
509 2299 556 2335 57
586 2298 658 2334 Sed
683 2298 803 2346 QQ,
829 2298 867 2334 Si
893 2311 914 2338 ς
993 2298 1129 2333 desunt
1152 2296 1272 2345 QQ,
1297 2296 1421 2332 desint
1444 2296 1529 2332 Fu

183 2346 235 2384 68
261 2346 417 2393 superbe
443 2358 465 2387 ς
491 2347 697 2383 Lambinus
771 2346 823 2381 69
842 2347 951 2392 aptat
968 2344 1077 2392 (DQ
1095 2345 1247 2389 Bland„
1266 2344 1375 2390 optat
1393 2343 1526 2381 moth.
