1586 2514
535 68 671 106 GARM
708 70 759 106 ΙΙΙ
780 74 835 107 10.
858 76 912 106 11.
1348 74 1403 116 91

260 182 286 212 ο
313 169 514 226 quamvis
542 184 681 226 neque
711 176 753 213 te
782 185 964 214 munera
991 185 1068 213 nec
1099 186 1243 227 preces

259 243 336 272 nec
359 228 524 273 tinctus
545 228 662 273 viola
683 229 826 286 pallor
849 229 1094 273 amantium

259 302 336 332 nec
357 288 427 332 vir
449 288 598 333 Pieria.
620 288 785 346 paelice
806 288 980 333 saucius
1372 308 1403 335 ιε

311 353 477 400 curvat,
504 348 780 406 supplicibus
807 349 896 393 tuis

258 482 423 524 parcas,
453 484 531 513 nec
558 468 707 526 rigida
735 468 911 512 mollior
939 469 1109 513 aesculo

258 542 335 571 nec
367 527 542 572 Mauris
573 528 773 572 animum
805 528 959 572 mitior
991 529 1234 586 anguibus.

259 602 347 631 non
375 588 456 631 hoc
482 603 653 645 semper
681 587 768 631 erit
798 587 968 632 liminis
998 596 1076 632 aut
1106 606 1242 647 aquae

311 647 508 691 caelestis
533 647 706 704 patiens
732 647 861 691 latus.
1366 667 1404 695 20

620 792 831 799 ...—

675 900 765 944 XI.

256 982 468 1036 Mercuri‚
496 999 598 1028 nam
625 989 667 1028 te
693 984 849 1028 docilis
876 986 1090 1043 magistro

257 1041 397 1086 movit
422 1043 654 1100 Amphion
681 1043 848 1100 lapides
876 1046 1083 1097 canendO,

252 1106 389 1160 tuque
415 1103 589 1148 testudo
615 1110 815 1148 resonare
841 1112 1007 1162 septem

310 1161 472 1206 callida
494 1163 651 1215 nervis,

256 1296 334 1325 nec
359 1281 521 1339 loquax
548 1282 656 1326 olim
682 1298 821 1341 neque
847 1292 989 1343 grata,
1017 1302 1132 1330 nunc
1161 1292 1204 1330 et
1385 1304 1401 1329 5

256 1340 450 1385 divitum
474 1342 635 1386 mensis
660 1349 705 1387 et
729 1344 871 1388 amica
897 1345 1088 1403 templis,

255 1398 328 1444 dio
359 1400 524 1454 modos,
557 1401 683 1460 Lyde
715 1404 876 1460 quibus
909 1405 1151 1450 obstinatas

309 1459 502 1517 adplicet
525 1462 658 1515 auris,

254 1594 367 1637 quae
389 1580 511 1626 velut
531 1581 636 1627 latis
661 1599 771 1641 equa
795 1584 929 1629 trima
953 1586 1120 1643 campis

254 1638 373 1684 ludit
397 1641 606 1686 exsultim
632 1644 877 1701 metuitque
902 1646 1029 1703 tangi
1368 1662 1401 1693 ιο

254 1700 514 1757 nuptiarum
541 1717 693 1759 expers
721 1709 765 1747 et
791 1703 934 1748 adhuc
962 1712 1163 1762 protervo

307 1760 442 1804 cruda
468 1761 641 1805 marito.

253 1883 304 1922 tu
332 1886 456 1936 potes
484 1880 616 1938 tigris
645 1883 911 1940 comitesque
941 1884 1072 1928 silvas

251 1937 408 1983 ducere
430 1945 476 1983 et
498 1940 614 1985 rivos
638 1942 795 1986 celeres
819 1944 1006 1996 morari:

250 1997 380 2042 cessit
407 1999 617 2044 immanis
645 2001 730 2045 tibi
760 2001 1006 2047 blandienti
1365 2022 1397 2049 1⁵

308 2057 472 2103 ianitor
498 2059 623 2104 aulae

130 2186 358 2233 &zABE
451 2187 634 2236 ΘεΒΦ

134 2292 183 2330 14
221 2294 263 2330 ob
301 2305 375 2331 com
405 2297 608 2332 arationem
645 2297 754 2342 affert
785 2299 882 2336 Serv.
916 2299 993 2335 buc.
1021 2301 1118 2343 2,47
1157 2299 1209 2345 (et
1244 2302 1399 2347 tinctus)

38 2339 87 2377 18
113 2341 279 2378 animum
303 2342 353 2390 (9
422 2371 431 2388 ,
457 2344 583 2379 animo
609 2345 668 2380 El
