1586 2514
174 96 261 140 240
726 98 865 135 samu.
891 98 924 135 11
936 102 975 153 Ἰ6.

241 194 453 239 sollicitas
479 195 660 252 ignarus
686 210 800 252 opes,
828 196 889 240 sie
916 196 1098 254 incipit:
1132 196 1251 241 ‘olim

189 268 225 296 so
244 254 431 298 rusticus
458 255 672 298 urbanum
700 270 867 298 murem
894 271 990 299 mus
1015 271 1202 312 paupere
1228 257 1370 301 fertur

244 313 455 369 accepisse
482 329 600 366 cavo,
630 319 817 357 veterem
846 321 969 358 vetus
998 315 1149 372 hospes
1177 315 1380 368 amicum,

242 387 367 428 asper
394 378 438 416 et
463 378 657 416 attentus
682 373 906 429 quaesitis,
935 380 985 417 ut
1012 380 1157 418 tamen
1184 380 1328 419 artum

240 431 425 475 solveret
442 432 645 489 hospitiis
661 432 871 476 animum.
899 433 1008 490 quid
1026 433 1199 477 multa?
1216 449 1352 491 neque
1371 434 1446 478 ille

239 490 421 547 sepositi
441 491 590 534 ciceris
608 506 684 535 nee
703 491 858 548 longae
875 491 1039 536 invidit
1057 508 1227 545 avenae,

189 564 224 592 85
243 550 417 594 aridum
440 556 483 594 et
503 565 576 594 ore
599 551 743 594 ferens
765 551 939 595 acinum
963 567 1205 609 semesaque
1229 552 1342 596 lardi

241 609 386 653 frusta
418 610 554 662 dedit,
586 610 764 666 cupiens
794 611 915 654 varia
946 611 1131 655 fastidia
1161 627 1264 656 cena

240 668 410 712 vincere
436 670 656 725 tang-entis
681 670 792 712 male
818 670 992 726 singula
1017 671 1144 714 dente
1169 671 1375 728 superbo;

240 743 338 771 eum
367 734 491 784 pater
518 728 611 785 ipse
640 728 793 771 domus
821 730 944 785 palea
972 736 1191 786 porrectus
1220 731 1268 774 in
1298 730 1431 774 horna

240 791 349 829 esset
375 787 481 830 ador
507 787 760 843 loliumque,
789 787 915 843 dapis
941 789 1119 832 meliora
1147 789 1405 846 relinquens.

185 861 220 888 90
239 845 409 887 tandem
422 846 608 888 urbanus
621 846 672 887 ad
683 846 795 888 hunc
811 846 944 901 “quid
957 850 998 889 te
1011 848 1161 889 iuvaff’
1175 850 1326 904 inquit.
1342 848 1515 901 “amice,

236 905 462 962 praerupti
492 906 680 949 nemoris
710 905 948 962 patientem
978 907 1120 950 vivere
1138 907 1312 951 dorso?

238 964 304 1007 vis
331 970 382 1008 tu
408 965 603 1008 homines
629 964 874 1021 Vrbemque
900 966 1008 1009 feris
1034 981 1294 1023 praeponere
1321 967 1476 1010 silvis?

238 1038 364 1079 carpe
387 1023 519 1076 viam,
544 1023 655 1067 mihi
679 1023 814 1075 crede,
837 1039 991 1076 eomes,
1017 1026 1236 1069 terrestria
1261 1026 1434 1082 quando

239 1083 436 1126 mortalis
462 1083 630 1126 animas
653 1082 803 1126 vivont
826 1083 984 1127 sortita
1008 1099 1147 1141 neque
1175 1085 1264 1128 ulla
1289 1091 1355 1128 est

184 1156 219 1183 95
238 1147 315 1184 aut
337 1157 497 1198 magno
516 1147 596 1185 aut
617 1157 749 1198 parvo
771 1141 849 1185 leti
871 1143 1006 1198 fuga:
1036 1158 1135 1199 quo,
1160 1143 1282 1195 bone,
1306 1144 1431 1195 eirea,

238 1200 343 1243 dum
366 1200 482 1253 lieet,
506 1201 555 1244 in
577 1201 703 1244 rebus
725 1200 927 1244 iucundis
947 1201 1044 1245 vive
1068 1202 1229 1255 beatus,

235 1259 332 1302 vive
360 1274 538 1312 memor,
565 1275 697 1316 quam
723 1260 784 1302 sis
811 1260 904 1303 aevi
933 1260 1117 1304 brevis.'’
1156 1261 1258 1305 haec
1287 1261 1361 1305 ubi
1389 1261 1505 1304 dieta

236 1324 450 1375 agrestem
482 1319 698 1376 pepulere,
730 1319 858 1361 domo
890 1319 997 1363 levis
1028 1320 1199 1373 exsilit;
1239 1321 1341 1364 inde

237 1377 365 1421 ambo
387 1378 659 1434 propositum
682 1385 896 1434 peragunt
919 1379 1016 1431 iter,
1040 1379 1169 1423 Vrbis
1191 1386 1362 1424 aventes

167 1451 219 1478 100
238 1436 410 1480 moenia
433 1437 634 1480 nocturni
658 1437 898 1492 subrepere.
934 1438 1108 1495 iamque
1132 1439 1305 1482 tenebat

236 1510 321 1538 nox
344 1496 537 1539 medium
559 1496 665 1539 caeli
687 1496 892 1552 spatium,
916 1512 1014 1540 eum
1036 1498 1161 1554 ponit
1183 1504 1361 1554 uterque

235 1554 283 1598 in
308 1555 522 1611 locuplete
546 1555 673 1598 domo
698 1555 896 1611 vestigia,
924 1556 1055 1599 rubro
1080 1557 1154 1600 ubi
1181 1572 1301 1600 cocco

235 1613 373 1656 tincta
397 1629 528 1670 super
553 1614 683 1657 lectos
707 1613 908 1656 canderet
933 1615 1064 1658 vestis
1089 1616 1273 1659 eburnos

235 1673 459 1728 multaque
489 1673 541 1716 de
571 1688 730 1729 magna
758 1680 1028 1728 superessent
1057 1675 1223 1719 fercula
1252 1691 1367 1726 cena,

165 1746 216 1773 105
235 1746 345 1787 quae
370 1732 521 1787 procul
545 1731 774 1775 exstructis
799 1731 971 1775 inerant
996 1733 1192 1777 hesterna
1214 1734 1426 1777 canistris.

254 1835 418 1881 ῶεαΕ
510 1835 642 1883 ΘιΦ

257 1917 306 1952 79
343 1916 433 1953 olim
465 1939 509 1944 —
542 1917 590 1954 81
630 1917 791 1953 amicum
827 1919 870 1953 ob
906 1918 997 1954 olim
1032 1919 1246 1964 fabularum
1277 1919 1504 1966 mancipium

160 1965 267 2010 affert
291 1965 390 2000 Don.
421 1966 498 2002 Ter.
525 1966 643 2002 Andr.
669 1967 762 2009 925;
797 1965 966 2009 fabulam
990 1967 1129 2004 Horati
1158 1968 1202 2003 de
1232 1978 1333 2003 mure
1355 1977 1502 2003 comme-

158 2017 304 2048 morant
336 2013 434 2067 4¹⁴9.
460 2024 490 2048 c.
515 2014 630 2049 mend.
655 2016 706 2049 28
734 2024 774 2058 p.
801 2015 884 2057 509,
904 2016 927 2049 4
950 2014 1093 2069 Zychq,
1117 2015 1233 2050 Prisc.
1257 2025 1407 2060 yram.
1433 2014 1507 2051 ΙΙΙ

159 2062 243 2103 430,
263 2062 286 2095 7
316 2060 406 2096 Iswz.
427 2061 516 2107 oriy.
538 2064 572 2104 1,
590 2063 647 2096 40.
666 2063 694 2096 *6
795 2058 845 2095 84
870 2072 939 2096 nec
964 2071 1095 2097 cicens
1121 2082 1163 2088 --
1190 2071 1332 2098 avenne
1355 2061 1399 2098 ob
1421 2072 1501 2109 qen.

157 2118 327 2154 qraecum
365 2106 489 2152 Quint.
515 2109 600 2144 inst.
627 2111 670 2152 9,
688 2110 729 2152 3,
748 2110 796 2143 17
952 2108 1001 2144 85
1038 2120 1120 2146 cum
1155 2109 1316 2149 lemmate
1351 2108 1501 2145 acinum

158 2155 320 2238 mr?
337 2155 570 2246 ἔξῗσᾱέἕῗ
607 2156 1087 2240 (Δέῗὶῗῗφῗωῖξῖζωι
1109 2155 1356 2240 amp&
1364 2168 1422 2241 03.
1492 2185 1503 2202 ⁹

154 2254 238 2295 poet
263 2252 334 2286 109
359 2250 537 2296 primitus
557 2233 762 2296 'scripserat
794 2252 814 2285 λ
943 2251 992 2287 95
1028 2251 1124 2287 bone
1156 2249 1288 2298 ᾧῷ),
1322 2231 1501 2289 lieno-Ei

158 2297 331 2342 (Bland.)
475 2297 527 2332 96
560 2299 639 2334 sine
672 2299 833 2334 lemmate
866 2299 1027 2344 exempla
1058 2299 1170 2335 Vatic.
1200 2301 1270 2334 147
1299 2299 1499 2346 (secundis)

158 2344 235 2380 108
260 2343 436 2381 canderet
458 2345 507 2391 (D
523 2344 583 2392 Θ,
610 2345 757 2381 arderet
782 2346 994 2391 Peerlkamp
