1586 2514
186 101 271 144 138
700 104 844 140 cARM.
870 105 940 142 1111
959 80 1013 143 15.

398 215 475 256 per
495 216 603 257 quas
626 201 838 246 Latinum
860 218 1016 248 nomen
1040 211 1083 248 et
1107 206 1245 250 Italae

398 273 564 302 crevere
585 260 696 304 vires
719 261 924 318 famaque
947 269 990 306 et
1013 264 1169 320 imperi

188 331 221 357 15
452 325 648 374 porrecta
670 320 872 364 maiestas
895 322 951 365 ad
975 328 1094 366 ortus

501 377 606 420 solis
633 378 687 421 ab
718 378 931 436 Hesperio
959 381 1108 424 cubili.

398 471 572 514 custode
599 487 743 515 rerum
771 472 951 517 Caesare
977 489 1064 518 non
1090 476 1216 519 furor

398 529 539 572 civilis
560 535 640 573 aut
662 530 727 574 vis
748 531 898 588 exiget
921 532 1074 585 otium,

450 603 538 631 non
564 589 645 640 ira,
675 605 785 645 quae
813 592 1016 647 procudit
1044 593 1157 636 ensis

185 659 222 686 20
503 652 547 690 et
577 648 755 692 miseras
785 649 986 694 inimicat
1017 651 1150 695 urbis

397 756 484 785 non
507 742 584 797 qui
611 743 882 798 profundum
909 745 1162 791 Danuvium
1189 747 1346 792 bibunt

396 800 537 844 edicta
562 808 767 869 rumpent
793 803 924 855 Iulia,
951 819 1037 848 non
1063 805 1213 859 Getae,

448 874 535 904 non
562 860 685 904 Seres
711 858 935 919 infidique
962 863 1152 917 Persae,

501 934 588 963 non
617 920 788 964 Tanain
816 937 949 978 prope
978 898 1150 968 flumeii
1178 925 1277 968 orti.

183 1024 218 1052 25
397 1028 558 1080 nosque
585 1020 630 1057 et
656 1016 863 1082 profestis
890 1016 1060 1060 lucibus
1087 1024 1131 1061 et
1158 1020 1287 1063 sacris

395 1072 510 1115 inter
541 1073 673 1116 iocosi
705 1090 883 1118 munera
915 1075 1066 1119 Liberi

447 1146 546 1174 cum
577 1133 697 1188 prole
728 1134 1023 1191 matronisque
1054 1137 1239 1188 nostris,

497 1190 581 1233 rite
608 1191 708 1235 deos
737 1192 859 1248 prius
885 1193 1121 1250 adprecati,

394 1284 558 1328 virtute
579 1285 754 1329 functos
777 1302 893 1330 more
916 1295 1091 1344 patrum
1113 1290 1240 1334 duces

159 1360 162 1361 ⁷
183 1356 218 1382 30
397 1343 536 1398 Lydis
560 1345 746 1388 remixto
770 1347 960 1390 carmine
986 1347 1110 1391 tibiis

449 1402 711 1471 Troiamque
742 1410 784 1447 et
815 1405 1039 1450 Anchisen
1070 1413 1114 1450 et
1144 1408 1282 1452 almae

499 1463 751 1519 progeniem
780 1464 958 1508 Veneris
988 1481 1201 1510 canemus.

275 1563 393 1611 &A
489 1565 670 1614 &RQ

277 1658 326 1695 15
357 1660 459 1694 ortus
489 1660 538 1707 (D
617 1689 626 1705 ‚
658 1663 780 1697 ortum
810 1663 851 1698 3¹
996 1664 1044 1699 18
1076 1665 1203 1712 exiget
1233 1666 1295 1712 (-it
1326 1668 1375 1712 A)
1405 1667 1454 1715 (D
1475 1667 1526 1716 ᾧ

182 1707 334 1752 Por-ph„
360 1706 497 1742 eximet
523 1708 564 1743 F
686 1708 736 1745 23
763 1721 833 1755 que
858 1711 906 1757 ᾷ)
923 1711 988 1759 Θ,
1014 1723 1061 1747 ue
