1586 2514
631 93 770 131 EPOD.
798 97 853 131 17.
1345 92 1428 137 165

122 191 305 238 alitibus
331 198 462 250 atque
490 193 670 238 canibus
696 192 962 236 homicidam
990 192 1239 245 Hectorem,

121 258 353 310 postquam
377 252 544 297 relictis
570 252 797 297 moenibus
821 268 896 296 rex
921 252 1113 309 procidit

122 311 206 356 heu
236 311 474 370 pervicacis
505 312 561 356 ad
591 311 721 369 pedes
751 311 959 356 Achillei.

120 377 287 416 saetosa
317 371 441 416 duris
472 386 628 416 exuere
655 370 846 429 pellibus
938 415 940 417 ,
1389 387 1423 415 15

121 430 328 476 laboriosi
354 431 542 489 remiges
568 431 716 475 Vlixei

120 490 291 535 volente
315 490 446 535 Circa
469 490 687 544 membra;
720 497 824 535 tunc
848 506 968 535 mens
992 497 1034 534 et
1058 507 1188 535 sonus

120 549 315 607 relapsus
341 556 473 608 atque
500 556 630 595 notus
655 550 704 595 in
728 550 872 594 voltus
900 551 1049 594 honor.

66 637 67 640 =
119 609 222 654 dedi
251 609 362 654 satis
393 624 608 667 superque
638 624 876 667 poenarum
910 609 1009 662 tibi,

119 675 266 714 amata
296 669 453 719 nautis
476 669 666 714 multum
695 675 738 714 et
768 669 1060 714 institoribus.
1388 685 1425 713 20

119 729 245 787 fugit
270 729 470 774 iuventas
498 735 542 774 et
565 730 831 774 verecundus
857 730 974 774 color

118 789 304 848 reliquit
334 805 429 834 ossa
458 790 572 848 pelle
602 790 764 834 amicta
797 790 957 843 lurida,

119 849 211 894 tuis
240 850 427 907 capillus
457 850 582 895 albus
612 855 656 894 et
688 849 907 902 odoribus,

119 909 293 954 nullum
323 925 350 954 a
378 909 525 954 labore
556 925 625 954 me
656 910 841 954 reclinat
871 910 1036 964 otium;

119 975 249 1027 urget
273 969 392 1014 diem
420 985 507 1014 nox
533 976 577 1014 et
600 970 694 1014 dies
719 976 890 1015 noctem
915 986 1055 1028 neque
1083 976 1147 1014 est
1386 986 1422 1014 25

117 1029 260 1074 levare
287 1035 409 1074 tenta
434 1029 598 1088 spiritu
624 1030 890 1087 praecordia.

118 1104 223 1147 ergo
251 1095 462 1147 negatum
491 1089 642 1134 vincor
670 1095 721 1134 ut
749 1089 921 1135 credam
951 1090 1096 1143 miser,

119 1148 295 1194 Sabella
325 1155 476 1207 pectus
507 1149 732 1207 increpare
760 1150 956 1194 carmina

117 1214 335 1266 caputque
366 1208 519 1254 Marsa
550 1209 742 1253 dissilire
774 1209 917 1254 nenia.

117 1268 226 1326 quid
255 1268 447 1327 amplius
475 1268 577 1314 vis?
612 1284 640 1313 o
668 1285 787 1313 mare
817 1275 861 1313 et
889 1275 1018 1322 terra,
1049 1270 1193 1322 ardeo,
1384 1286 1421 1313 30

116 1334 333 1386 quantum
362 1343 502 1387 neque
533 1334 629 1373 atro
658 1329 882 1374 delibutus
913 1329 1124 1374 Hercules

117 1388 248 1432 Nessi
275 1403 426 1432 cruore
454 1403 531 1433 nec
558 1388 717 1433 Sicana
743 1389 916 1434 fervida

115 1448 261 1493 virens
292 1448 341 1493 in
372 1448 521 1493 Aetna
551 1448 760 1503 flamma;
801 1455 865 1502 tu,
897 1449 1032 1494 donec
1064 1449 1176 1494 cinis

115 1507 346 1553 iniuriosis
369 1507 520 1553 aridus
543 1508 686 1553 ventis
710 1510 844 1562 ferar,

116 1567 228 1627 cales
255 1567 433 1612 venenis
463 1568 656 1613 officina
685 1568 915 1614 Colchicis.
1384 1586 1420 1614 3⁶

115 1643 228 1686 quae
253 1627 367 1672 sinis
395 1634 474 1673 aut
496 1628 614 1687 quod
641 1644 710 1674 me
736 1635 884 1674 manet
910 1630 1215 1688 stipendium?

115 1688 284 1742 esfare;
321 1687 462 1733 iussas
491 1703 591 1733 cum
618 1689 716 1734 fide
743 1705 904 1747 poenas
932 1690 1067 1743 luam,

114 1753 295 1805 paratus
321 1747 513 1806 expiare,
542 1764 617 1793 seu
644 1750 888 1807 poposceris

115 1813 291 1852 centum
318 1807 522 1852 iuvencos
551 1808 640 1852 sive
668 1809 865 1853 mendaci
893 1809 991 1866 lyra

113 1867 230 1912 voles
256 1882 433 1911 sonare:
469 1866 545 1912 “tu
571 1868 745 1926 pudica,
774 1875 823 1913 tu
850 1869 985 1927 proba
1383 1887 1418 1914 ιο

114 1927 440 1985 perambulabis
466 1933 582 1972 astra
611 1928 732 1973 sidus
758 1928 984 1974 aureum.'’

153 2033 373 2081 ΘεΑΒΟ
464 2032 646 2081 ΘεΒΦ

156 2128 203 2165 17
243 2129 344 2165 circa
379 2129 429 2177 Θ
451 2129 503 2178 Θ
538 2129 600 2167 Ps.
631 2131 741 2167 Proh.
779 2143 932 2178 yramm.
953 2132 1018 2168 IV
1040 2135 1158 2177 7‚26‚
1202 2131 1350 2178 circ(a)e
1392 2135 1423 2168 Φ

59 2175 110 2214 18
143 2175 329 2224 Relapsus
352 2177 404 2226 Q
429 2177 592 2221 (Sacerci.
617 2190 770 2224 mamm.
798 2180 856 2216 VI
876 2182 999 2224 521,6
1023 2184 1056 2216 et
1082 2184 1162 2226 10),
1194 2179 1350 2216 Relatus
1374 2181 1424 2228 Θ

58 2223 110 2261 22
148 2224 288 2262 amicta
311 2225 378 2274 Q,
417 2225 576 2262 amictus
603 2226 652 2274 Θ
795 2226 846 2263 80
884 2229 923 2264 et
959 2230 1060 2264 terra
1155 2228 1224 2277 Q,
1261 2239 1283 2265 o
1320 2230 1423 2265 terra

59 2273 183 2318 (schol.
208 2276 244 2319 c)
390 2273 442 2310 88
468 2273 601 2310 Virens
625 2274 675 2331 Θ
691 2274 742 2324 Θ
767 2275 919 2319 Βίαηά.,
950 2275 1070 2312 Vrens
1138 2276 1199 2320 ¹3,
1231 2276 1373 2313 Furens
1400 2289 1421 2317 ς

57 2320 110 2358 ⁸0
140 2321 316 2377 iuvencos
339 2321 389 2369 Θ
405 2321 472 2371 Θ,
511 2321 680 2359 iuvencis
706 2335 728 2365 ς
754 2324 910 2373 Bentley
1056 2324 1106 2361 40
1138 2335 1269 2362 sonare
1293 2325 1343 2373 Θ
1359 2325 1422 2375 Q,

58 2379 182 2407 sonan
208 2381 263 2411 ας
