1586 2514
187 85 276 127 220
732 86 872 123 SERM.
896 87 931 124 11
956 92 988 125 8.

243 189 346 227 tune
374 185 552 228 insanus
581 186 680 237 eris,
708 186 746 229 si
773 186 998 243 acceperis,
1027 202 1084 230 an
1112 186 1254 254 magis
1279 201 1428 231 excors
1464 195 1466 197 '

244 243 402 287 reiecta
426 245 599 300 praeda,
626 261 757 301 quam
783 260 982 302 praesens
1010 246 1255 290 Mercurius
1280 245 1404 289 fert?

242 302 381 346 scribe
403 303 549 347 decem
574 320 600 347 a
623 305 783 348 Nerio:
813 320 901 348 non
922 311 987 348 est
1008 305 1136 357 satis3
1166 304 1277 348 adde
1300 304 1479 348 Cicutae

191 377 225 403 70
244 362 395 405 nodosi
429 363 613 415 tabulas,
649 370 835 416 centum,
870 364 991 408 mille
1022 364 1133 408 adde
1164 370 1358 417 eatenas;

243 422 439 478 effugiet
467 428 614 466 tamen
643 423 744 466 haec
770 423 1001 467 sceleratus
1028 423 1200 467 vincula
1229 423 1424 467 Proteus.

244 497 342 523 cum
366 482 507 538 rapies
534 482 583 525 in
605 482 674 526 ius
697 482 824 526 malis
848 482 1062 526 ridentem
1085 482 1254 534 alienis,

246 540 331 583 fiet
345 556 462 596 aper,
481 541 608 584 modo
623 542 731 594 avis,
748 542 876 585 modo
893 557 1047 586 saxum
1062 548 1119 594 et,
1135 557 1233 585 cum
1249 541 1376 593 volet,
1392 540 1532 585 arbor.

245 600 281 642 si
307 600 418 642 male
445 616 535 643 rem
559 616 705 657 gerere
729 601 873 644 insani
897 607 974 652 est,
999 607 1148 645 contra
1172 601 1278 644 bene
1301 601 1422 644 sani:

193 674 226 700 75
245 659 444 715 putidius
472 660 612 703 multo
640 660 859 704 cerebrum
887 667 964 712 est,
993 660 1102 704 mihi
1131 659 1265 712 crede,
1295 659 1456 703 Perelli

243 718 466 770 dictantis,
487 719 602 775 quod
622 725 671 762 tu
690 735 927 775 numquam
947 719 1175 763 rescribere
1194 718 1343 775 possis.

245 778 396 820 audire
422 784 554 834 atque
581 785 728 835 togam
754 779 882 822 iubeo
907 794 1158 835 conponere,
1185 778 1383 835 quisquis

245 836 484 880 ambitione
514 838 629 881 mala
661 844 739 881 aut
766 839 938 894 argenti
968 838 1104 894 pallet
1131 853 1290 889 amore,

245 895 443 951 quisquis
473 896 649 940 luxuria
681 896 850 940 tristive
879 897 1186 953 superstitione

192 970 227 996 80
246 961 322 997 aut
347 955 435 997 alio
463 956 621 999 mentis
646 956 795 998 morbo
820 955 954 999 calet:
988 956 1070 999 huc
1095 955 1274 1012 propius
1298 971 1379 1006 me,

246 1013 351 1056 dum
382 1013 513 1057 doceo
545 1015 737 1058 insanire
767 1015 920 1066 omnis,
953 1030 1027 1058 vos
1058 1014 1208 1058 ordine
1239 1013 1370 1057 adite.

299 1072 470 1116 “danda
497 1079 562 1116 est
590 1073 768 1117 ellebori
797 1073 935 1117 multo
964 1089 1063 1129 pars
1091 1074 1283 1117 maxima
1311 1074 1475 1117 avaris:

246 1132 389 1175 nescio
415 1148 472 1176 an
499 1132 764 1189 Anticyram
792 1133 904 1175 ratio
931 1133 1023 1175 illis
1049 1132 1237 1175 destinet
1263 1147 1447 1176 omnem.

248 1191 422 1234 heredes
452 1191 624 1235 Staberi
655 1208 868 1236 summam
898 1192 1087 1235 incidere
1116 1192 1324 1248 sepulcro,

193 1266 227 1293 85
247 1250 294 1293 ni
323 1251 385 1293 sic
416 1251 635 1302 fecissent,
665 1251 960 1308 gladiatorum
990 1251 1093 1294 dare
1121 1257 1294 1294 centum

247 1310 444 1353 damnati
467 1310 629 1367 populo
655 1310 779 1367 paria
801 1316 931 1366 atque
955 1310 1131 1366 epulum
1155 1310 1338 1353 arbitrio
1362 1310 1484 1363 Arri,

248 1369 463 1412 frumenti
480 1375 694 1426 quantum
713 1370 839 1412 metit
857 1369 1029 1412 Africa.
1058 1369 1160 1412 ‘sive
1176 1384 1256 1426 ego
1273 1385 1403 1425 prave

246 1444 321 1472 seu
346 1434 459 1472 recte
485 1429 564 1472 hoc
587 1429 720 1480 volui,
747 1444 800 1472 ne
824 1429 884 1471 sis
907 1434 1084 1484 patruos
1107 1428 1260 1471 mihi':
1290 1428 1430 1481 credo,

250 1488 326 1530 hoc
358 1487 530 1531 Staberi
563 1488 820 1544 prudentem
849 1488 1045 1537 animum
1074 1487 1245 1530 vidisse.
1287 1487 1407 1544 ‘quid
1437 1503 1539 1545 ergo

196 1563 231 1590 90
248 1547 397 1599 sensit,
423 1563 521 1591 cum
546 1563 760 1591 summam
783 1546 1022 1603 patrimoni
1044 1546 1286 1603 insculpere
1308 1562 1412 1591 saxo

250 1606 424 1650 heredes
450 1607 592 1650 voluit
607 1606 641 1647 ἴθ’
671 1606 813 1662 quoad
841 1606 968 1657 vixit,
998 1605 1184 1648 credidit
1211 1605 1366 1662 ingens

250 1665 502 1722 pauperiem
523 1666 683 1709 vitium
707 1672 750 1709 et
771 1666 885 1708 cavit
906 1664 1020 1708 nihil
1040 1665 1195 1716 acrius,
1219 1671 1280 1716 ut,
1303 1667 1340 1709 si

250 1726 366 1767 forte
393 1725 538 1768 minus
567 1725 757 1781 locuples
784 1740 869 1768 uno
896 1724 1135 1780 quadrante
1162 1725 1355 1780 perisset,

251 1784 343 1840 ipse
366 1784 586 1827 videretur
613 1784 697 1827 sibi
723 1784 927 1840 nequior:
961 1782 1113 1827 ‘omnis
1138 1784 1254 1827 enim
1279 1799 1358 1836 res,

197 1859 232 1886 95
250 1843 403 1894 virtus,
438 1843 572 1894 fama,
607 1843 748 1894 decus,
781 1843 931 1885 divina
963 1842 1235 1898 humanaque
1267 1843 1428 1899 pulcris

251 1901 421 1945 divitiis
452 1908 629 1958 parent3
670 1918 777 1958 quas
807 1902 883 1959 qui
915 1901 1216 1953 construxerit,
1249 1902 1325 1946 ille

291 1982 458 2029 &an
549 1982 681 2030 Θεῷ

294 2054 345 2090 69
376 2055 420 2090 ob
451 2053 571 2090 scribe
605 2054 701 2091 Serv.
730 2055 819 2091 Aen.
847 2057 880 2098 7,
899 2057 972 2090 422
1068 2053 1220 2098 quidam
1244 2053 1382 2090 Anerio
1412 2054 1479 2099 ὑφ’
1503 2055 1544 2090 ἕν

199 2102 331 2149 legunt
355 2103 416 2138 Ps.
437 2102 570 2146 Por-ph.
648 2102 693 2138 71
721 2103 814 2138 haec
839 2101 1040 2138 sceleratus
1064 2101 1113 2148 (D
1129 2101 1191 2149 Θ,
1215 2101 1277 2137 hic
1302 2101 1484 2138 coloratus
1506 2102 1548 2138 E

201 2150 250 2186 72
275 2150 334 2185 ius
357 2150 406 2196 Θ
427 2149 531 2185 Goth.
552 2150 607 2185 Po
653 2151 700 2194 h„
725 2150 807 2185 iura
834 2152 895 2186 Φα
970 2149 1018 2184 75
1042 2149 1139 2185 redit
1162 2150 1222 2192 D;
1252 2148 1496 2196 [QmDEJ

199 2197 331 2243 perelli
356 2197 443 2233 DE
450 2198 498 2240 Φ,
528 2196 657 2242 periIi
682 2209 706 2233 a
810 2197 857 2233 76
882 2198 926 2233 ob
962 2196 1164 2232 rescribere
1189 2197 1285 2233 Serv.
1306 2198 1397 2233 Aen.
1419 2199 1453 2241 7,
1471 2199 1546 2233 422

201 2245 247 2280 91
286 2245 409 2290 quoad
444 2243 542 2279 uixit
575 2245 630 2279 vel
665 2254 738 2289 qno
773 2244 919 2280 aduixit
950 2244 998 2290 Q)
1024 2243 1090 2291 Θ,
1128 2245 1227 2289 quod
1263 2243 1407 2279 aduixit
1441 2244 1544 2280 Εῑαι

199 2293 250 2328 93
276 2292 434 2338 perisset
462 2293 503 2335 Φ,
528 2291 666 2336 periret
689 2293 737 2338 (i)
817 2292 868 2328 96
895 2291 1141 2327 construxerit
1164 2292 1223 2338 ᾧ,
1248 2291 1473 2327 contraxerit
1495 2291 1546 2339 ᾧ)

202 2341 375 2385 (Bland.)
