1586 2514
591 71 739 110 CARM.
765 72 818 108 111
836 76 870 108 2.
1360 69 1414 111 75

700 195 764 238 ΙΙ.

269 281 523 338 Angustam
550 279 689 323 amice
716 278 972 335 pauperiem
1000 276 1094 333 pati

268 340 472 385 robustus
497 339 588 383 acri
616 338 783 382 militia
807 352 916 394 puer

322 399 546 444 condiscat
571 404 616 442 et
643 397 832 442 Parthos
857 396 1018 440 ferocis

375 464 503 503 vexet
530 473 658 515 eques
686 456 946 501 metuendus
972 456 1097 499 hasta

268 579 493 636 vitamque
516 577 599 622 sub
623 576 727 620 divo
753 582 797 620 et
822 575 1008 632 trepidis
1034 580 1140 632 agat
1399 588 1415 614 ο

270 638 319 683 in
350 638 491 682 rebus.
534 636 664 681 illum
694 651 747 680 ex
779 634 1008 679 moenibus
1039 633 1218 678 hosticis

324 703 524 742 matrona
547 696 753 741 bellantis
777 695 959 752 tyranni

376 757 646 816 prospiciens
669 762 713 800 et
735 756 889 800 adulta
910 755 1037 812 virgo

269 883 485 941 suspiret:
517 882 653 934 eheu,
679 897 732 925 ne
756 881 881 925 rudis
903 881 1133 938 agminum

267 958 453 1000 sponsus
475 942 656 987 lacessat
679 941 828 998 regius
850 956 1054 998 asperum
1382 952 1416 980 10

324 1009 445 1048 tactu
471 1002 654 1054 leonem,
683 1016 828 1070 quem
841 1006 1020 1044 cruenta

378 1078 456 1120 per
481 1061 646 1106 medias
671 1061 791 1118 rapit
814 1061 881 1104 ira
906 1059 1086 1104 caedesf

271 1188 398 1232 dulce
424 1193 469 1232 et
492 1187 697 1231 decorum
722 1193 788 1230 est
812 1201 892 1243 pro
918 1185 1065 1242 patria
1091 1185 1229 1228 mori:

271 1262 387 1292 mors
412 1253 457 1291 et
481 1246 687 1304 fugacem
712 1245 990 1303 persequitur
1017 1245 1159 1288 virum

327 1323 403 1351 nec
430 1306 574 1364 parcit
602 1305 779 1350 inbellis
806 1305 1009 1350 iuventae
1385 1319 1418 1345 15

381 1366 626 1424 poplitibus
651 1366 863 1410 timidove
890 1371 1028 1422 tergo.

272 1492 440 1545 Virtus,
464 1492 661 1550 repulsae
684 1491 829 1536 nescia
850 1491 1064 1542 sordidae,

273 1552 552 1597 intaminatis
579 1551 727 1610 fulget
755 1551 994 1595 honoribus

327 1627 405 1657 nec
423 1612 564 1656 sumit
584 1618 663 1657 aut
682 1611 810 1669 ponit
832 1611 994 1655 securis

380 1672 567 1717 arbitrio
590 1672 816 1729 popularis
839 1687 983 1716 aurae.
1385 1683 1421 1711 20

270 1797 439 1850 Virtus,
464 1798 690 1841 recludens
714 1796 936 1841 inmeritis
958 1796 1071 1840 mori

274 1857 457 1908 caelum,
490 1863 649 1914 negata
682 1862 871 1913 temptat
900 1856 986 1899 iter
1014 1856 1087 1899 via

328 1922 560 1973 coetusque
587 1916 780 1973 volgaris
809 1922 854 1959 et
881 1915 1015 1959 udam

380 1976 552 2034 spernit
579 1976 762 2020 humum
791 1976 996 2033 fugiente
1023 1990 1178 2032 penna.

151 2105 221 2153 Q:
236 2106 432 2141 ABDE
525 2104 598 2152 ᾧ)
590 2105 705 2140 ΒΦ

155 2213 237 2261 2,1
265 2213 385 2249 amice
412 2212 530 2258 (adv.)
549 2211 599 2259 Q
614 2211 667 2260 Q
685 2211 842 2256 (Bland.
847 2215 861 2252 )
883 2212 1068 2256 (metrici),
1093 2209 1206 2246 amici
1226 2221 1247 2249 ς
1268 2210 1423 2255 Bentley

62 2237 196 2304 (schol.
210 2263 290 2298 ΑΓ
304 2264 425 2307 potest
449 2259 570 2296 amice
593 2271 666 2296 voc.
691 2271 761 2305 pro
785 2260 966 2296 collectiva
992 2259 1184 2305 accepisse)
1284 2257 1307 2293 5
1337 2256 1421 2304 [Q2

60 2309 218 2357 ΔΒΕ]
340 2307 390 2344 18
420 2308 490 2355 Q:
504 2308 715 2354 ABDE]
837 2306 888 2343 16
918 2307 1102 2343 timidone
1126 2306 1186 2353 Q,
1213 2305 1424 2351 timidoque

59 2357 158 2406 QE
253 2356 300 2394 17
329 2356 411 2404 [Q.
425 2355 582 2403 ΑΒΕ]
680 2354 732 2391 22
756 2355 830 2391 iter
852 2355 914 2403 Q
939 2356 993 2391 ire
1017 2355 1067 2402 Q
