1586 2514
198 103 283 146 308
636 104 700 140 DE
725 105 854 141 ARTE
879 105 1091 151 ΡοΕΤΙοΑ.

253 201 448 254 navibus,
476 217 573 246 aere
597 203 703 247 dato
731 204 807 261 qui
837 204 1072 261 pingitur?
1108 204 1316 261 amphora
1343 203 1484 262 coepit

251 261 452 304 institui:
487 268 684 306 currente
712 269 808 307 rota
836 279 910 307 cur
939 279 1088 307 urceus
1116 264 1242 307 exit?

249 320 437 377 denique
462 321 522 364 sit
547 322 663 378 quod
690 322 768 374 vis,
797 323 981 380 simplex
1010 323 1240 367 dumtaxat
1265 329 1308 367 et
1334 338 1481 368 unum.

250 380 442 423 maxima
466 395 565 436 pars
590 387 752 434 vatum,
780 388 903 439 pater
928 388 971 425 et
996 383 1170 426 iuvenes
1194 388 1317 439 patre
1341 382 1481 440 digni,

198 453 232 480 26
252 438 495 495 decipimur
520 441 662 496 specie
691 441 809 484 recti.
850 441 990 484 brevis
1019 456 1106 484 esse
1135 441 1297 494 laboro,

252 498 456 541 obscurus
478 498 568 552 fi0;
599 506 835 543 sectantem
858 500 970 543 levia
994 500 1113 543 nervi
1448 556 1452 558 ν

250 557 470 600 deficiunt
495 558 740 615 animique3
774 560 993 615 professus
1019 559 1204 616 grandia
1231 566 1400 616 turget;

249 616 387 672 serpit
418 617 539 660 humi
573 623 694 661 tutus
726 618 911 662 nimium
945 618 1211 675 timidusque
1242 619 1476 676 procellae:

251 676 328 731 qui
359 676 526 719 variare
558 677 681 733 cupit
712 693 802 720 rem
834 677 1140 735 prodigialiter
1172 693 1317 731 unam,

199 749 235 776 30
250 734 509 791 delphinum
536 735 659 779 silvis
688 736 906 794 adpingit,
937 736 1151 780 fluctibus
1180 752 1346 794 aprum.

251 794 300 836 in
325 794 484 837 vitium
509 795 634 838 ducit
661 796 811 852 culpae
839 796 962 853 fuga,
989 795 1028 839 si
1053 803 1170 847 caret
1197 802 1301 840 arte.

252 854 496 897 Aemilium
526 855 639 898 circa
666 855 820 898 ludum
849 856 975 899 faber
1003 856 1117 899 imus
1146 861 1189 899 et
1217 856 1378 914 unguis

252 913 466 969 exprimet
493 919 536 957 et
563 914 707 957 mollis
734 913 984 958 imitabitur
1011 931 1105 959 aere
1133 914 1325 972 capillos,

251 972 412 1015 infelix
435 973 576 1029 operis
597 989 779 1026 summa,
802 974 907 1031 quia
928 989 1084 1032 ponere
1106 980 1247 1018 totum

200 1047 233 1073 35
252 1032 436 1075 nesciet:
475 1032 588 1076 hunc
619 1048 700 1090 ego
733 1049 814 1085 me,
848 1034 994 1090 siquid
1024 1049 1262 1091 conponere
1294 1050 1451 1088 curem,

252 1105 338 1134 non
363 1091 504 1147 magis
530 1107 618 1135 esse
643 1092 774 1135 velim
799 1109 931 1149 quam
957 1109 1060 1136 naso
1086 1093 1227 1137 vivere
1252 1109 1384 1150 pravo

253 1150 534 1206 spectandum
560 1151 701 1209 nigris
726 1152 863 1195 oculis
891 1152 1102 1209 nigroque
1130 1153 1301 1210 capillo.

250 1209 410 1252 sumite
436 1211 665 1253 materiam
692 1212 858 1262 vestris,
886 1212 963 1267 qui
993 1211 1196 1264 scribitis,
1223 1227 1402 1270 aequam

251 1268 418 1312 viribus
443 1274 486 1312 et
512 1276 676 1313 versate
701 1270 794 1322 diu,
821 1270 929 1327 quid
956 1271 1071 1314 ferro
1097 1277 1303 1325 recusent,

199 1343 234 1369 40
250 1328 359 1384 quid
390 1328 562 1372 valeant
595 1329 746 1372 umeri.
789 1331 858 1373 cui
890 1330 1001 1374 lecta
1032 1336 1228 1387 potenter
1259 1331 1342 1375 erit
1373 1347 1452 1384 res,

252 1403 328 1430 nec
359 1388 569 1431 facundia
599 1388 765 1432 deseret
798 1389 909 1433 hunc
942 1405 1018 1433 nec
1050 1390 1219 1434 lucidus
1251 1391 1367 1434 ordo.

250 1446 418 1490 ordinis
446 1447 548 1491 haec
574 1448 714 1491 virtus
742 1448 827 1491 erit
855 1454 897 1491 et
925 1464 1069 1500 venus,
1099 1456 1175 1492 aut
1202 1465 1282 1506 ego
1310 1450 1454 1502 fallor,

286 1551 545 1598 QzaBGK
639 1551 820 1599 QzRQ

287 1645 333 1680 21
369 1646 550 1692 amphora.
577 1667 619 1672 —
646 1647 723 1682 exit
759 1648 802 1683 ob
838 1649 1050 1684 sententiam
1084 1649 1189 1685 Hier.
1214 1649 1315 1695 epist.
1333 1651 1395 1694 27,
1414 1652 1457 1694 3,·
1492 1651 1538 1694 ef.

194 1696 276 1737 107,
296 1697 319 1729 3
344 1694 469 1730 Sidon.
490 1695 589 1740 epist
611 1696 647 1738 9,
660 1697 719 1738 16,
733 1698 755 1730 4
779 1699 812 1731 et
837 1707 928 1741 quae
952 1695 1128 1732 adnotavi
1151 1698 1192 1732 in
1216 1696 1300 1733 edit.
1314 1697 1412 1744 Euq.
1431 1698 1538 1734 Tolet.

191 1753 227 1787 p.
246 1743 333 1785 290,
353 1745 401 1777 12
496 1741 546 1776 23
572 1741 622 1776 sit
644 1742 694 1789 Q
709 1741 777 1789 Q.
801 1744 902 1779 omis.
923 1743 959 1778 B
1031 1743 1130 1788 quod
1155 1743 1213 1779 uis
1236 1744 1285 1791 Q
1301 1744 1368 1792 Q,
1393 1745 1540 1790 quidvis
1561 1768 1563 1770 ·

194 1789 237 1824 K
242 1800 263 1828 ς
283 1789 436 1835 Bentley
509 1787 559 1824 25
587 1789 710 1835 Quint.
731 1792 815 1826 inst.
836 1793 871 1834 9,
884 1794 919 1834 3,
932 1793 979 1827 65
1005 1790 1047 1826 fit
1071 1801 1114 1826 ex
1140 1790 1261 1828 vicino
1285 1791 1466 1828 transitus
1491 1793 1538 1827 ad

194 1836 339 1872 diversa
363 1838 406 1871 ut
431 1836 569 1872 similia
596 1837 733 1872 ‘brevis
759 1858 803 1863 —
829 1837 891 1874 fio'
919 1840 957 1874 et
1006 1849 1077 1874 uae
1102 1840 1276 1875 secuntur
1364 1838 1415 1876 28
1439 1839 1540 1876 lenia

193 1883 241 1930 Q
258 1883 308 1931 Q
333 1884 466 1929 Porph.
487 1885 636 1921 §.schot
660 1885 743 1928 ΓΟ,
768 1884 869 1921 lenia
893 1897 916 1925 ς
1020 1884 1044 1921 8
1068 1887 1172 1921 tutus
1195 1886 1244 1933 Q
1260 1886 1311 1934 Q
1333 1887 1438 1923 scholi
1458 1888 1539 1931 PV,

194 1933 325 1966 cautus
360 1932 573 1977 Peerlkamp
686 1931 736 1967 32
771 1932 970 1968 Aemilium
1004 1932 1150 1970 ludum:
1186 1933 1308 1969 locum
1342 1934 1436 1970 dicit
1467 1936 1538 1982 frq.

194 1979 287 2015 Bob.
306 1990 456 2025 yramm.
487 1979 570 2016 VII
582 1982 664 2023 543,
683 1982 732 2015 38
803 1980 901 2015 imus
924 1981 973 2027 Q
989 1980 1041 2028 Q
1060 1981 1206 2027 Porph„
1232 1992 1326 2017 unus
1351 1993 1373 2021 ς
1387 1982 1540 2028 Bentley

194 2025 244 2061 33
270 2027 308 2061 et
333 2047 376 2052 -
403 2025 559 2071 capillos
591 2027 635 2062 ob
665 2038 739 2063 rem
764 2027 860 2063 Serv.
881 2028 972 2063 Aen.
993 2031 1026 2073 6,
1046 2031 1118 2064 847
1225 2028 1275 2064 85
1305 2028 1420 2065 hunc:
1452 2028 1539 2065 huic

195 2071 354 2108 similem
379 2075 448 2121 fry.
470 2074 561 2110 Bob.
581 2085 731 2121 yramm.
753 2075 833 2109 VII
849 2078 930 2119 543,
944 2078 991 2111 38
1066 2086 1135 2122 ego
1161 2087 1219 2112 me
1242 2076 1291 2123 Q
1306 2075 1367 2124 Q,
1393 2080 1541 2123 egomet

195 2120 261 2155 Fa
363 2132 487 2156 curem
511 2122 559 2168 Q
575 2121 642 2169 Q,
674 2133 760 2169 cure
786 2124 823 2158 B
929 2122 980 2158 36
1005 2133 1122 2168 prauo
1145 2124 1194 2170 Q
1215 2123 1283 2171 Θ,
1313 2134 1430 2169 paruo
1455 2125 1540 2160 λδπ

194 2167 242 2203 37
277 2168 457 2214 nigroque
495 2181 520 2204 a
543 2168 609 2216 Q,
647 2169 800 2215 nigroue
833 2171 869 2205 Β
879 2170 957 2206 GK
1108 2170 1158 2206 88
1189 2171 1385 2207 materiam
1419 2172 1468 2218 Q
1490 2171 1541 2219 Θ

195 2216 348 2261 ΡονΡῙι.,
385 2216 460 2251 iam
491 2221 612 2252 mater
636 2218 672 2252 B
768 2216 818 2253 42
850 2228 938 2253 om.
957 2219 1005 2253 K
1012 2218 1022 2238 ¹
1118 2217 1169 2254 42
1195 2239 1239 2245 —-
1264 2229 1378 2254 venus
1409 2221 1452 2255 ob
1475 2220 1540 2255 hoc

198 2263 315 2308 ipsum
339 2265 484 2300 verbum
510 2265 642 2310 Porph.
669 2265 719 2300 ad
744 2276 852 2301 carm.
874 2269 907 2309 1,
927 2268 984 2309 30,
1006 2269 1029 2301 7
1120 2277 1250 2302 venus:
1277 2267 1448 2302 venustas
1466 2267 1537 2313 ἶνα.

200 2311 286 2345 Bob.
306 2322 457 2356 yramm.
486 2312 567 2347 VII
581 2315 662 2355 543,
682 2315 730 2348 39
835 2314 900 2348 aut
925 2313 994 2349 aR
1020 2314 1153 2359 Porph.
1172 2315 1196 2349 i.
1216 2314 1321 2350 schol.
1343 2314 1422 2358 PV,
1447 2313 1539 2349 haut-

125 2410 131 2416 ·
194 2358 247 2393 vel
274 2358 372 2393 haud
400 2359 557 2394 ΒΟΚΦ
