1586 2514
593 105 740 142 EplsT.
766 108 800 142 11
820 112 852 143 2.
1314 105 1402 150 303

15 255 18 257 Α
46 209 91 247 et
116 203 212 247 sine
241 204 430 261 pondere
458 212 589 248 erunt
619 211 662 248 et
693 205 853 248 honore
884 205 1070 262 indigna
1101 206 1313 257 ferentur,

3 260 19 293 «ἶ
44 262 176 306 verba
205 276 380 308 movere
405 264 512 317 loco,
543 265 744 322 quamvis
776 266 916 309 invita
947 265 1150 309 recedant

46 327 90 366 et
117 329 343 366 versentur
371 324 513 368 adhuc
543 324 662 368 intra
692 325 939 381 penetralia
964 325 1142 378 Vestae;

47 381 274 426 obscurata
300 383 380 427 diu
408 384 572 442 populo
601 383 739 428 bonus
766 391 889 428 eruet
918 391 1049 441 atque
1346 401 1398 427 115

14 490 16 492 v
45 441 242 498 proferet
271 442 321 486 in
351 443 492 488 lucem
521 444 715 502 speciosa
747 445 955 488 vocabula
987 460 1146 497 rerum,

46 516 158 558 quae
184 501 340 559 priscis
371 509 611 547 memorata
639 502 882 547 Catonibus
911 510 1042 561 atque
1071 504 1279 561 Cethegis

47 577 161 606 nunc
186 561 299 606 situs
325 563 533 608 informis
559 564 722 621 premit
751 570 794 607 et
820 565 988 608 deserta
1017 571 1230 618 vetustas;

45 620 253 665 adsciscet
277 638 401 676 nova,
426 639 539 681 quae
562 624 739 682 genitor
765 625 1022 681 produxerit
1050 641 1163 668 usus.

44 695 217 725 vernem
245 688 290 725 et
319 683 516 740 liquidus
546 699 741 741 puroque
770 685 1027 728 simillimus
1057 684 1177 728 amni
1346 701 1398 728 120

44 740 205 784 fundet
232 756 333 798 opes
360 743 628 800 Latiumque
657 743 804 786 beabit
832 744 970 788 divite
998 745 1177 802 lingua:

6 845 9 847 ,
45 799 320 844 luxuriantia
345 809 582 860 conpescet,
610 803 744 846 nimis
769 819 922 860 aspera
950 820 1054 847 sano

45 859 208 903 levabit
238 861 374 914 cultu,
407 863 569 906 virtute
601 863 794 906 carentia
826 863 975 907 tollet:

46 918 238 963 ludentis
266 922 452 978 speciem
481 922 606 966 dabit
632 928 678 965 et
708 923 997 979 torquebitur,
1030 930 1078 967 ut
1107 924 1184 980 qui

48 994 162 1022 nunc
190 979 415 1035 Satyrum,
444 997 558 1025 nunc
585 988 801 1038 agrestem
834 983 1029 1040 Cyclopa
1056 991 1265 1027 movetur.
1350 1001 1402 1026 185

45 1039 329 1095 praetulerim
355 1041 543 1098 scriptor
571 1042 737 1085 delirus
767 1043 968 1099 inersque
998 1043 1152 1094 videri,

44 1097 151 1141 dum
177 1114 273 1142 mea
298 1099 513 1144 delectent
540 1102 656 1145 mala
683 1118 751 1145 me
778 1102 845 1145 vel
873 1103 1060 1159 denique
1089 1103 1264 1155 fallant,

44 1173 176 1214 quam
197 1174 348 1215 sapere
371 1166 414 1203 et
436 1160 591 1218 ringi?
624 1162 717 1205 fuit
741 1162 855 1205 haud
881 1162 1092 1218 ignobilis
1117 1164 1268 1219 Argis,

44 1217 121 1274 qui
144 1233 191 1260 se
216 1218 418 1262 credebat
443 1220 576 1264 miros
602 1221 754 1264 audire
782 1223 1011 1278 tragoedos

44 1277 94 1321 in
120 1293 256 1321 vacuo
285 1278 424 1322 laetus
453 1295 590 1324 sessor
620 1281 880 1338 plausorque
911 1283 1095 1335 theatro,
1346 1300 1398 1326 130

44 1342 186 1381 cetera
213 1337 293 1394 qui
322 1338 440 1382 vitae
466 1347 656 1384 servaret
688 1342 840 1385 munia
871 1348 987 1385 recto

45 1412 176 1449 more,
205 1397 343 1441 bonus
369 1414 470 1442 sane
495 1399 679 1453 vicinus,
709 1401 913 1445 amabilis
941 1402 1106 1458 hospes,

44 1457 179 1500 comis
208 1457 257 1500 in
287 1472 480 1510 uxorem,
512 1466 656 1516 posset
685 1461 764 1517 qui
795 1461 1016 1518 ignoscere
1047 1462 1180 1506 servis

44 1522 86 1558 et
108 1516 239 1573 signo
265 1517 380 1560 laeso
405 1533 491 1561 non
517 1519 709 1563 insanire
735 1521 956 1577 lagoenae,

44 1582 186 1632 posset
212 1576 290 1633 qui
319 1592 472 1634 rupem
498 1585 544 1622 et
571 1585 752 1636 puteum
779 1581 918 1624 vitare
946 1588 1181 1638 patentem.
1348 1600 1397 1626 135

41 1635 114 1679 hic
146 1635 222 1679 ubi
253 1642 538 1693 cognatorum
567 1639 725 1695 opibus
754 1641 956 1697 curisque
987 1642 1178 1685 refectus

43 1695 215 1752 expulit
239 1695 428 1739 elleboro
452 1698 651 1742 morbum
678 1699 896 1756 bilemque
922 1717 1090 1744 meraco

43 1761 87 1797 et
111 1754 227 1798 redit
250 1754 306 1798 ad
328 1770 434 1808 sese,
461 1755 561 1813 ‘pol,
588 1773 656 1801 me
679 1759 916 1812 occidistis,
943 1760 1088 1812 amici,

43 1830 131 1859 non
153 1814 372 1858 servastis'
400 1815 479 1868 ait,
508 1816 592 1860 ‘cui
620 1818 681 1861 sic
708 1825 880 1865 extorta
906 1820 1107 1877 voluptas

43 1880 87 1916 et
113 1873 316 1931 demptus
344 1890 422 1931 per
448 1874 539 1919 vim
568 1878 726 1921 mentis
755 1879 1032 1935 gratissimus
1060 1881 1208 1924 error?
1346 1899 1398 1925 ιω

136 1991 358 2039 (omme
449 1991 631 2040 Θιιεφ

138 2086 214 2124 112
244 2087 342 2124 rodit
371 2088 433 2132 D;
496 2089 731 2136 (DzaDE'l
833 2091 1001 2128 ferentur
1029 2093 1096 2142 (ᾧ,
1132 2094 1304 2131 seruntur
1327 2096 1406 2143 (ῇδ

43 2133 120 2171 114
143 2134 246 2172 intra
270 2147 312 2181 ς,
344 2135 444 2192 inter
538 2137 590 2220 ῗ
685 2138 761 2175 120
787 2139 998 2196 Vehemens
1023 2144 1063 2178 et
1087 2141 1254 2197 liquidus
1278 2143 1407 2240 ὃς

42 2182 91 2218 Et
114 2182 318 2220 uehemens
349 2184 518 2230 hqmdus
679 2186 757 2223 128
782 2191 949 2224 carentm
974 2189 1062 2234 ὓς,
1094 2190 1260 2227 calentm
1360 2196 1402 2235 ᾧ

43 2231 182 2268 Bland.
195 2232 304 2268 schol.
322 2233 401 2269 ΓΕ
465 2231 541 2269 125
561 2245 643 2270 cum
662 2235 823 2272 lemmate
843 2236 1000 2282 cyclops.
1019 2239 1183 2285 exempla
1201 2239 1317 2276 Vatic.
1331 2243 1406 2277 ‚240

43 2277 119 2315 128
154 2279 256 2327 argis
288 2280 338 2328 (D
350 2280 428 2376 g,
466 2291 578 2328 argus
613 2294 635 2322 ς
669 2288 703 2319 et
734 2285 787 2320 sic
821 2284 852 2320 le
885 2286 906 2320 't
939 2286 1002 2340 1³2³·
1030 2287 1166 2332 Porph.
1189 2298 1227 2332 p.
1248 2290 1338 2332 400,
1357 2291 1406 2324 24

42 2325 333 2420 mammem
416 2329 484 2377 Θ,
504 2332 697 2375 parentem
720 2333 751 2366 Φ
826 2331 845 2367 1
878 2331 903 2367 9
922 2344 980 2368 cui
1001 2334 1050 2380 Θ
1067 2333 1135 2381 (ᾧ,
1155 2335 1256 2380 quod
1275 2336 1406 2371 lemma
