1586 2514
578 100 726 138 CARM.
752 101 770 136 I
790 105 846 137 15.
868 105 924 138 16.
1371 102 1428 145 27

227 199 372 244 hastas
398 206 443 244 ct
467 200 625 244 calami
651 200 821 257 spicula
850 200 1003 245 Cnosii

226 259 390 304 vitabis
419 261 741 318 strepitumque
772 266 816 304 et
845 260 1026 304 celerem
1058 262 1181 318 sequi

227 320 437 364 Aiacem:
473 327 634 372 tamen,
665 320 748 364 heu
775 336 909 372 serus,
940 320 1163 365 adulteros

280 380 424 424 cultus
449 381 627 438 pulvere
653 380 845 424 collines.
1393 397 1429 425 20

227 478 314 507 non
340 463 620 517 Laertiaden,
647 464 837 508 exitium
862 470 963 509 tuae

228 524 388 580 gentis,
420 539 508 569 non
537 524 720 581 Pylium
753 525 941 568 Nestora
972 526 1186 582 respicis?

229 590 388 641 urgent
413 584 614 642 inpavidi
642 591 684 629 te
712 585 982 629 Salaminius

282 644 460 697 Teucer,
487 650 530 688 te
556 644 802 698 Sthenelus,
829 645 967 688 sciens

230 744 406 786 pugnae
437 729 527 773 sive
558 745 669 787 opus
702 736 765 773 est
800 730 1054 786 imperitare
1087 731 1222 788 equis,
1394 746 1429 774 25

227 804 314 832 non
340 788 498 846 auriga
523 790 663 847 piger.
710 790 944 833 Merionen
970 806 1143 848 quoque

227 863 386 892 nosces.
422 864 515 893 ecce
540 850 670 902 furit,
698 856 740 894 te
767 850 956 906 reperire
981 856 1120 903 atrox,

283 908 478 965 Tydides
500 910 656 953 melior
678 915 828 967 patre
819 945 828 952 .

228 1007 359 1049 quem
390 1000 453 1045 tu,
483 1009 629 1037 cervos
659 993 727 1037 uti
758 993 887 1037 vallis
916 995 965 1038 in
993 995 1130 1039 altera

224 1051 369 1096 visum
401 1059 527 1110 parte
557 1054 714 1111 lupum
745 1054 962 1110 graminis
994 1055 1222 1107 inmemor,
1395 1071 1432 1098 30

225 1111 408 1157 sublimi
435 1113 586 1171 fugies
613 1113 760 1157 mollis
786 1113 999 1166 anhelitu,

281 1187 368 1217 non
395 1173 474 1217 hoc
502 1173 729 1231 pollicitus
757 1179 870 1217 tuae.

226 1256 439 1301 iracunda
463 1257 582 1301 diem
609 1258 806 1315 proferet
833 1259 919 1302 Ilio

227 1317 526 1374 matronisque
558 1317 791 1379 Phrygum
823 1319 972 1363 classis
1003 1319 1224 1372 Achillei;

226 1383 326 1445 post
354 1383 493 1421 certas
524 1377 687 1422 hiemes
718 1384 814 1423 uret
845 1380 1067 1423 Achaicus
1394 1395 1430 1423 35

267 1437 388 1494 ignis
419 1436 621 1493 †Iliacas
653 1438 835 1483 domos!

681 1571 811 1615 XVI.

228 1639 266 1684 Ο
295 1646 434 1685 matre
460 1642 612 1699 pulcra
638 1643 744 1686 filia
772 1643 981 1701 pulcrior,

226 1715 358 1757 quem
387 1700 637 1747 criminosis
667 1719 853 1760 cumque
882 1702 998 1746 voles
1032 1704 1209 1748 modum

280 1775 414 1818 pones
440 1760 615 1815 iambis,
645 1763 735 1807 sive
763 1763 950 1806 flamma

331 1821 424 1865 sive
452 1823 564 1866 mari
592 1822 702 1866 libet
730 1822 975 1866 Hadriano.

159 1913 231 1960 ω·
244 1914 443 1951 ABDE
534 1914 607 1963 Θ·
623 1917 718 1952 ΒΦ

162 1995 212 2033 18
226 1997 317 2033 et—
325 1998 481 2035 Aiacem
494 1999 538 2035 ob
551 2000 621 2044 inf.
633 2000 752 2037 Prisc.
764 2001 823 2043 18,
831 2001 878 2035 44
887 2010 925 2044 p.
933 2001 1021 2044 227,
1029 2003 1077 2036 10
1126 1999 1278 2037 20—32
1289 2003 1430 2037 om.B

64 2042 118 2080 20
149 2043 280 2081 Cultus
304 2045 371 2095 Q,
404 2045 532 2083 Crines
557 2047 606 2095 (i)
637 2047 778 2083 Bland.
810 2058 856 2082 ex
894 2046 996 2094 Very.
1029 2049 1071 2084 in
1101 2050 1248 2085 scholiis
1276 2050 1431 2085 laudato

64 2089 114 2128 21
142 2091 300 2128 exitium
390 2094 442 2143 Q
464 2096 572 2132 schol.
599 2095 686 2138 ΑΓ,
712 2094 901 2131 excidium
927 2097 951 2131 δ
1048 2095 1098 2132 22
1125 2095 1257 2133 Gentis
1275 2097 1326 2144 (D
1344 2098 1432 2141 λῑπ,

66 2138 179 2176 Genti
202 2139 255 2189 Q
387 2144 512 2179 estora
542 2123 693 2188 Pyliuui
713 2143 798 2186 (sic)
830 2143 874 2179 cb
904 2154 1035 2180 nomen
1058 2146 1166 2181 schol.
1193 2144 1287 2181 Stat.
1320 2145 1429 2181 Theb.

67 2190 189 2233 7,129
262 2187 314 2225 24
340 2189 419 2227 Sth.
441 2202 492 2227 sc.
511 2203 548 2237 p.
574 2192 737 2236 explicat
764 2190 888 2237 Quint.
909 2192 994 2228 inst.
1015 2196 1050 2236 9,
1071 2195 1174 2236 3,10
1245 2194 1285 2228 te
1308 2192 1430 2241 ΘΘ,

65 2238 105 2321 οὲ
128 2237 258 2282 ΒΕδ,
246 2248 358 2323 ,01ιὸ
377 2239 424 2274 πῑ
521 2238 572 2275 86
597 2238 730 2275 iliacas
748 2238 798 2285 Q)
814 2238 876 2287 Q,
902 2239 1114 2277 Dardanias
1142 2252 1185 2284 ς,
1204 2240 1430 2286 Pergameas

100 2289 200 2322 emes
224 2296 299 2322 van
363 2298 382 2323 ε

162 2333 229 2382 16,
248 2332 274 2370 8
299 2333 420 2370 Pones
437 2335 488 2383 (D
505 2335 693 2376 (Diomed.
714 2347 865 2382 yramm.
892 2337 912 2371 Ι
930 2340 1013 2379 510,
1032 2339 1058 2372 2
1086 2337 1259 2372 Pictorin
1276 2348 1429 2383 yramm.

73 2357 230 2427 V1179,
247 2383 327 2428 23),
352 2383 465 2419 Ponis
489 2383 540 2431 Q
