1586 2514
14 0 37 142 ῇῖ

65 183 326 228 fasciculum
355 189 500 240 portes
529 183 756 233 librorum,
788 188 838 225 ut
866 181 1051 224 rusticus
1080 196 1258 238 agnum,

67 249 117 287 ut
143 242 294 287 vinosa
322 243 495 300 glomus
522 243 718 286 furtivae
744 241 1100 297 ῒΡὶΠ-ἰαΙαηαθ,

70 308 119 347 ut
147 317 247 347 eum
275 302 437 360 pileolo
466 302 602 346 soleas
631 301 811 346 oonviva
840 300 1031 344 tribulis.
1390 315 1422 340 15

66 378 120 406 ne
143 362 272 430 volgo
298 377 459 414 narres,
486 368 530 406 te
553 362 774 406 sudavisse
799 361 981 404 ferendo

66 422 262 466 earmina
291 437 402 479 quae
432 422 602 479 possint
632 422 777 465 oeulos
807 421 1010 489 aurisque
1042 419 1202 463 morari

67 481 279 526 Caesaris.
315 487 464 526 oratus
489 482 630 526 multa
654 496 779 538 prece
804 481 957 532 nitere,
985 494 1114 537 porro

66 541 196 595 vade3
229 541 338 594 vale,
365 557 465 585 eave
489 557 542 585 ne
567 541 731 585 titubes
756 540 1047 596 mandataque
1074 540 1268 596 frangas.

566 81 713 119 EPIST.
740 82 756 117 Ι
784 86 838 118 13.
863 86 916 118 14.
1335 78 1423 122 273

657 721 828 764 XIIII.

68 805 208 850 Vilico
235 806 445 850 silvarum
475 811 519 849 et
546 805 657 849 mihi
687 821 754 848 me
783 803 1004 848 reddentis
1035 803 1182 861 agelli,

66 881 196 923 quem
222 872 272 909 tu
298 865 493 918 fastidis,
519 865 767 909 habitatum
792 865 986 922 quinque
1011 864 1125 907 focis
1152 869 1195 906 et

67 926 262 983 quinque
288 925 422 969 bonos
448 925 627 969 solitum
653 925 833 968 Vaiiam
859 924 1084 968 dimittere
1110 930 1268 980 paties,

67 992 293 1038 certemus,
320 985 469 1043 spinas
492 985 694 1029 animone
720 1000 799 1041 ego
825 984 988 1028 fortius
1013 1000 1070 1027 an
1095 990 1144 1027 tu

2 1062 5 1065 ⁴
67 1046 224 1090 evellas
253 1061 374 1113 agro,
405 1051 450 1089 et
477 1045 632 1089 melior
660 1045 720 1088 sit
750 1044 965 1088 Horatius
994 1060 1051 1087 an
1081 1059 1159 1087 ies.
1408 1059 1424 1084 5

68 1122 136 1150 me
165 1105 365 1163 quamvis
395 1104 579 1149 Lamiae
606 1105 747 1162 pietas
778 1110 821 1147 et
851 1119 954 1148 eura
986 1109 1181 1147 moratur

67 1167 254 1210 fratrem
282 1164 530 1218 maerentis,
560 1170 688 1221 rapto
716 1164 769 1207 de
797 1164 937 1231 fratre
966 1163 1156 1207 dolentis

68 1225 376 1277 insolabiliter,
403 1230 550 1269 tamen
574 1224 687 1268 istuc
713 1239 834 1268 mens
858 1223 1117 1281 animusque

69 1287 160 1330 fert
186 1291 231 1329 et
257 1290 377 1329 amat
402 1284 559 1342 spatiis
587 1284 807 1328 obstantia
835 1299 1036 1341 rumpere
1064 1284 1265 1327 claustra.

70 1362 168 1390 rure
192 1361 273 1403 ego
297 1345 529 1398 viventem,
555 1351 605 1389 tu
629 1345 739 1388 dieis
764 1344 813 1388 in
836 1344 952 1387 Vrbe
977 1344 1178 1387 beatum:
1398 1358 1428 1384 ιο

69 1406 141 1450 eui
166 1406 310 1463 placet
334 1405 530 1457 alterius,
556 1420 635 1448 sua
659 1404 871 1448 nimirum
898 1410 962 1448 est
989 1404 1089 1447 odio
1115 1419 1218 1447 sors.

67 1466 232 1510 stultus
261 1471 442 1522 uterque
471 1465 614 1508 loeum
644 1464 901 1508 inmeritum
932 1470 1134 1508 causatur
1165 1463 1338 1521 inique:

69 1527 118 1571 in
146 1526 276 1583 eulpa
305 1530 371 1569 est
399 1525 585 1576 animus,
617 1524 695 1581 qui
725 1540 768 1568 se
799 1540 887 1568 non
917 1524 1090 1581 effugit
1122 1539 1343 1581 umquam.

70 1593 120 1630 tu
146 1585 435 1630 mediastinus
460 1585 594 1628 tacita
621 1600 745 1642 prece
771 1600 872 1628 rura
899 1584 1088 1641 petebas,

73 1661 188 1690 nune
214 1644 376 1689 Vrbem
403 1651 446 1689 et
473 1644 599 1689 ludos
627 1651 670 1688 et
698 1645 852 1688 balnea
879 1644 1036 1688 vilicus
1064 1650 1212 1701 optas;
1396 1661 1426 1686 υ)

70 1722 139 1750 me
164 1711 360 1750 constare
386 1705 498 1749 mihi
524 1705 606 1749 seis
632 1710 676 1748 et
701 1705 918 1748 discedere
945 1704 1116 1748 tristem

69 1766 431 1824 quandocumque
461 1765 643 1809 trahunt
674 1765 816 1808 invisa
847 1765 1025 1822 negotia
1059 1765 1258 1808 Romam.

71 1841 159 1870 non
184 1825 338 1870 eadem
367 1825 602 1878 miramur3
642 1841 691 1868 eo
721 1824 992 1868 disconvenit
1023 1825 1137 1868 inter

162 1930 397 1979 QzaA¹E
489 1929 671 1979 ΘτΒΦ

167 2025 216 2063 14
242 2027 286 2064 ob
311 2027 365 2073 Py
367 2026 443 2062 rria
467 2027 631 2072 exempla
657 2027 866 2062 Vatcc.149
948 2026 1170 2073 glomusQ
1186 2025 1237 2074 Q
1260 2027 1367 2062 schol.
1388 2028 1431 2070 Γ,

69 2075 215 2122 glomos
240 2077 310 2122 (-es
330 2087 385 2112 ex.
407 2075 502 2120 Vnt.)
527 2074 610 2111 Fu
637 2075 815 2119 (exempla
840 2075 938 2119 Vat.)
1012 2074 1129 2120 pii-ria
1152 2074 1202 2121 Q)
1218 2073 1279 2122 Θ,
1305 2074 1432 2120 pyri-ia

71 2136 136 2168 φπ
160 2125 324 2170 exempla
355 2123 491 2166 Vatic„
521 2122 650 2168 putria
674 2122 778 2158 codd.
805 2123 963 2167 Porplm
997 2134 1129 2159 nomen
1154 2126 1366 2168 corruptum
1389 2127 1432 2158 ut

71 2171 216 2209 videtur
289 2171 338 2208 15
363 2183 446 2208 eum
471 2171 634 2207 lemmate
658 2169 807 2206 tribulis
832 2151 996 2217 exempla
1016 2171 1131 2206 Vatie
1153 2173 1224 2206 181
1300 2170 1350 2206 16
1376 2170 1432 2205 Ne

71 2218 127 2256 A¹
136 2224 198 2264 ᾧ,
235 2219 319 2256 Neu
345 2231 416 2262 ας,
453 2218 533 2254 Nee
559 2218 598 2254 E
790 2218 840 2254 19
872 2219 915 2255 ob
947 2229 1037 2254 cave
1068 2219 1165 2255 Seru
1187 2220 1278 2254 Aen.
1300 2221 1339 2262 4,
1359 2221 1432 2254 409

72 2271 125 2314 (
153 2267 233 2359 181,
236 2267 455 2352 ῃῖιέἰὶιί-
468 2314 586 2362 agelli
611 2316 656 2352 ob
681 2315 837 2351 reddere
862 2315 970 2351 schol.
992 2317 1025 2350 Γ
1041 2315 1092 2350 ad
1117 2315 1217 2361 epist
1241 2317 1431 2359 1,18,101

72 2363 96 2399 9
122 2365 226 2401 amat
249 2363 382 2412 QQ,
409 2364 495 2399 avet
519 2364 674 2410 Bentley
773 2363 819 2399 11
849 2374 927 2399 sors
951 2363 1000 2410 Q)
1017 2362 1082 2411 Θ
1110 2374 1168 2398 res
1196 2363 1261 2400 Ες

145 2431 296 2457 Hom-rw
277 2437 325 2464 us,
342 2431 389 2457 ed.
412 2429 588 2457 Vollmer.
629 2431 683 2456 Ed.
706 2431 744 2455 Π.
765 2431 870 2456 maior.
884 2430 985 2464 [1436]
1174 2426 1216 2458 18
