1586 2514
506 59 658 96 INDEX
683 57 929 102 NOMINVM.

1302 55 1388 97 401

83 157 678 208 nepotibusAmphiaraiTibmmo
750 152 931 190 Tiresia
968 164 1060 190 voa:
1095 163 1198 188 serm.
1230 156 1268 197 2,
1294 155 1329 196 5,
1355 156 1395 188 1.-

87 211 183 247 Cora
208 208 328 245 Catilo

38 256 231 295 Tiburni
255 255 363 292 lucus
386 266 499 292 cam.
523 257 557 298 1,
578 255 612 296 7,
632 254 679 288 13

38 305 232 342 Tiburte
263 303 324 340 via
353 314 457 341 serm.
484 305 573 347 1,6,
594 303 678 345 108,

85 353 162 390 -tia
183 363 294 399 poma
317 355 354 396 2,
373 355 408 396 4,
429 352 477 388 70

39 401 180 439 sardus
206 428 244 436 ..
265 379 532 447 ,Tigellius
575 408 678 433 serm.

60 453 122 494 ’1,
141 452 176 494 3,
195 451 230 494 4,
265 412 431 484 cantorie
467 448 588 483 morte
617 444 680 481 Ti-

87 477 179 544 gelli
213 499 248 541 1,
265 499 303 541 2,
322 499 364 533 3:
402 496 476 533 ’.Μ
508 494 681 548 Tiyellius

85 544 376 593 [Hermoyenes]
399 545 559 580 musicae
589 542 682 578 artie

87 594 241 631 scientia
279 592 472 636 praeditus
515 591 553 627 C
594 590 681 627 Cae-

59 642 168 679 sari
185 641 358 678 dictatori
374 640 451 685 fuit
467 639 682 684 familiaris,

82 694 212 746 postea
239 689 462 735 Cleopatrae,
486 687 576 733 quia
601 686 681 723 dul-

88 739 177 775 citer
213 738 389 774 cantabat
425 741 458 773 et
493 735 684 772 iocabatur

89 787 239 824 urbane.
276 787 443 833 Auyusto
467 795 605 830 quoque
629 783 684 819 ita

84 835 231 882 placuit
267 838 309 871 ut
345 835 440 870 inter
478 832 684 878 familiares

89 883 299 920 domesticos
345 882 547 918 haberetur.
605 883 684 917 erat

90 935 214 968 autem
233 930 373 978 larqior
390 930 481 966 adeo
503 933 547 966 ut
567 929 684 965 omni-
711 935 714 938 ’

89 980 157 1016 bus
180 980 330 1016 musicis
353 982 388 1014 et
405 976 686 1014 circulatoribus

90 1028 208 1064 inulta
232 1027 398 1063 donaret'
427 1026 560 1072 Porph.

43 1075 364 1121 Hermogenisque
383 1073 557 1120 Tigelli
581 1084 683 1110 serni.

91 1127 126 1168 1,
144 1127 179 1168 4,
200 1126 258 1159 72.
295 1127 328 1167 1,
349 1126 406 1167 10,
426 1125 494 1167 80,
533 1121 575 1157 -li
611 1133 683 1157 voc.

93 1176 126 1217 1,
139 1175 197 1216 10,
211 1175 277 1208 90.-
295 1183 326 1207 v.
340 1182 368 1207 s.
382 1182 414 1206 υ.
433 1169 685 1216 Hermogenes

43 1219 198 1304 {agilei-us
217 1219 371 1265 Tigris
389 1230 502 1311 σιέηέ.
514 1221 687 1303 {21ib46

81 1280 95 1304 ι
145 1280 159 1303 ι
181 1279 274 1305 voc..-
296 1279 390 1304 serm
676 1280 686 1301 :

90 1317 210 1361 frater
239 1320 282 1352 ut
314 1316 457 1352 videtur
486 1316 565 1351 eius
598 1294 688 1350 Yilli

93 1365 242 1409 Cimbri,
256 1365 322 1410 qui
339 1365 434 1400 inter
446 1364 688 1408 interfectores

94 1392 265 1450 Caesaris
289 1416 388 1456 erat;
412 1413 447 1449 is
469 1411 514 1448 de
537 1422 608 1457 quo
634 1412 685 1447 H.

92 1461 257 1507 loquitur
280 1462 423 1497 clavum
444 1460 591 1506 ‘recepit
602 1464 689 1506 post

94 1509 284 1546 Caesarem
302 1509 470 1552 occisum,
493 1519 583 1544 nam
600 1508 687 1553 pul-

92 1568 155 1594 sus
216 1561 302 1593 ante
363 1560 494 1593 senatu
547 1556 685 1601 fuerat’

94 1606 230 1652 Porph.
249 1606 332 1642 vide
348 1609 470 1642 tamen
487 1616 534 1640 ne
553 1605 603 1641 H.
623 1615 687 1640 no-

94 1665 176 1690 men
198 1654 317 1690 solum
347 1653 547 1699 exemplum
574 1653 687 1688 homi-

94 1702 155 1738 nis
178 1703 266 1738 novi
286 1702 459 1747 posuerit.

46 1749 311 1797 Timagenis
362 1747 511 1785 aemula
558 1747 691 1795 lingua

94 1799 195 1844 epist.
229 1802 269 1843 1,
290 1801 354 1842 19,
375 1801 438 1834 15:
478 1798 690 1845 Timayenes

95 1846 377 1884 Alexandrinus
414 1857 449 1882 a.
475 1848 522 1882 55
561 1846 607 1882 ab
642 1850 689 1882 A.

99 1895 261 1932 Gabinio
297 1894 394 1931 inter
423 1895 585 1940 captivos
616 1894 690 1930 Ro-

95 1955 194 1980 mam
223 1943 406 1979 adductus
435 1942 489 1978 ibi
521 1942 582 1978 ‘em
605 1953 689 1988 cap-

97 1993 170 2028 tivo
194 2002 347 2037 coquus,
377 2001 422 2026 ex
452 2001 563 2036 coquo
596 1989 689 2027 lecti-

96 2040 238 2083 carius,
276 2051 321 2075 eze
357 2038 540 2075 lecticario
580 2049 692 2083 usque

97 2089 140 2124 in
169 2088 339 2124 intimam
373 2086 577 2123 amicitiam
604 2086 690 2122 Cae-

96 2137 193 2172 saris
228 2135 355 2180 felix’,
391 2134 532 2172 Fausti
567 2133 692 2170 Sullae

97 2183 172 2228 lib„
197 2184 412 2220 rhetoricam
439 2183 692 2230 profitebatur,

97 2233 207 2270 etiam
218 2232 393 2268 historiae
405 2231 559 2275 deditus,
575 2230 692 2268 ‘homo

98 2281 227 2318 acidae
253 2280 428 2328 linyuae’.

50 2328 203 2365 Timor
225 2340 337 2366 carm.
363 2331 398 2373 3,
419 2332 452 2373 1,
471 2331 519 2365 37

797 206 895 238 vates
925 200 1117 237 Thebanus

750 249 995 286 Tiridaten
1008 260 1119 285 carm.
1134 252 1287 294 1,26‚5.·
1300 251 1396 287 Par-

798 299 942 335 thorum
961 307 1026 334 rex
1038 298 1104 344 qui
1121 298 1172 333 ad
1187 298 1397 345 Augustum

799 346 966 392 confuqit
983 346 1110 382 timore
1122 346 1300 383 Phraatis
1317 347 1396 383 recl·

799 394 986 430 euntisin
1011 405 1163 440 reynum

753 442 1036 488 Tisiphonen
1061 453 1165 479 serm.
1193 446 1226 487 1,
1247 447 1283 487 8,
1303 447 1350 480 34

753 489 946 526 Titanas
990 502 1100 526 carm.
1134 494 1168 535 3,
1195 494 1229 535 4,
1254 494 1322 535 43;
1365 504 1396 528 v.

802 537 919 584 Gigas

754 586 982 622 Tithonus
1001 598 1111 623 carm.
1134 590 1166 631 1,
1185 590 1299 632 28‚8,
1319 599 1399 623 -um

801 638 838 679 2,
859 638 917 679 16,
937 638 1003 671 30:
1040 636 1211 672 Aurorae
1242 637 1400 672 maritus

755 682 910 718 Titius
947 683 1048 729 epist.
1086 687 1119 727 1,
1139 686 1174 728 3,
1194 687 1234 720 9:
1280 684 1401 730 ‘poeta

803 732 861 768 hic
887 732 1098 767 Pindarum
1123 733 1238 768 voluit
1259 733 1401 769 Latino

803 791 964 816 sermone
988 780 1135 816 vertere'
1164 781 1300 827 Por-ph.

756 828 919 874 Tityos
955 839 1064 864 carm.
1092 832 1126 872 3,
1148 832 1205 872 11,
1223 832 1283 864 21.
1311 832 1345 873 4,
1366 832 1400 872 6,

804 879 842 920 2,
872 876 975 921 Tityi
1001 876 1104 912 iecur
1129 880 1164 920 3,
1184 881 1218 920 4,
1240 880 1299 921 77,
1334 888 1401 913 ·on

804 928 841 968 2,
863 927 920 968 14,
940 927 983 960 8:
1025 926 1157 962 Terrae
1187 926 1306 969 filius,
1338 927 1403 972 qui

807 974 839 1008 1
843 977 974 1009 atonae
998 974 1070 1010 vim
1094 974 1231 1018 inferre
1250 979 1403 1011 conatus

805 1026 894 1064 erat,
910 1022 1155 1067 Apollinisa
1114 1033 1132 1058 s
1134 1023 1261 1106 ‹baittis
1280 1027 1402 1058 trans-

806 1070 905 1114 fiaeus
912 1080 1053 1115 poenas
1067 1081 1141 1115 apa
1182 1070 1321 1114 inferos
1334 1071 1404 1107 luit

759 1117 993 1163 Torquato
1021 1145 1088 1153 ...
1115 1118 1267 1154 consule
1293 1131 1325 1154 a.
1355 1122 1403 1154 65

807 1177 850 1212 ep
851 1166 908 1202 od.
935 1169 994 1210 13,
1015 1170 1039 1201 6
1064 1178 1094 1202 υ.
1121 1166 1287 1202 Manlius

759 1214 990 1259 Torquate
1007 1218 1284 1259 carm.4,7,23;
1302 1215 1394 1261 epist

810 1266 842 1306 1,
863 1265 897 1306 5,
918 1265 959 1298 3.·
984 1274 1014 1298 v.
1035 1274 1063 1298 s.
1084 1274 1115 1299 v.
1142 1263 1318 1299 Moschus

759 1310 980 1346 Transius
998 1322 1100 1347 serm.
1115 1315 1152 1355 2,
1163 1314 1200 1356 2,
1215 1315 1281 1347 99:
1297 1312 1403 1358 ‘pau-

761 1371 876 1443 Τέἒῖ)
885 1360 1040 1444 ἕὲἒΐῖἷῗ
1042 1360 1185 1444 ‘'1⁰32ss
1180 1361 1237 1444 Ἥ
1240 1360 1250 1377 ’
1263 1361 1304 1444 ἶ
1302 1372 1368 1444 ⁰1²⁰
1368 1361 1403 1445 Ξ·

1037 1435 1061 1443 ..
1178 1436 1406 1452 ,,,,,

809 1459 850 1499 1,
877 1459 945 1492 78.·
986 1456 1023 1492 C.
1065 1457 1258 1493 Trebatius
1300 1458 1406 1493 Testa

817 1505 1009 1547 Veliensis,
1043 1506 1184 1541 amicus
1210 1506 1407 1549 Ciceronis,

804 1557 889 1598 post
901 1553 944 1587 in
953 1553 1122 1589 Caesaris
1134 1554 1287 1597 cohorte,
1297 1554 1407 1590 etiam

813 1600 1014 1637 Octaviano
1053 1606 1236 1647 acceptus,
1271 1603 1409 1638 arbiter

809 1650 906 1685 inter
932 1650 1181 1686 Maecenatem
1212 1654 1245 1686 et
1277 1651 1408 1686 Teren-

810 1698 911 1733 tiam.
928 1697 1002 1734 ‘hic
1016 1701 1067 1734 est
1077 1698 1129 1733 Tr
1148 1699 1408 1743 iurisperitus,

810 1746 875 1791 qui
900 1746 1016 1782 locum
1038 1746 1199 1782 obtinuit
1217 1750 1250 1782 et
1268 1747 1410 1792 aliquot

811 1793 922 1830 libros
956 1794 1000 1830 de
1030 1794 1133 1830 civili
1162 1796 1243 1831 iure
1268 1806 1408 1842 compo-

809 1843 885 1878 suit
907 1842 995 1878 etde
1007 1843 1247 1890 reliyionibus
1265 1844 1406 1880 novem'

812 1891 948 1936 Porph.

763 1937 961 1974 Treboni
983 1951 1083 1986 qen„-
1100 1950 1204 1976 serm.
1226 1943 1259 1983 1,
1274 1942 1307 1983 4,
1322 1943 1411 1976 114:

811 1988 1013 2032 exemplum
1038 1987 1175 2023 moechi

764 2034 1014 2080 Triquetra
1036 2034 1246 2072 ...tellure
1264 2036 1410 2073 Sicula:

811 2094 914 2119 serm.
940 2087 977 2127 2,
997 2087 1032 2128 6,
1053 2087 1101 2120 55

764 2131 937 2168 Trivici
962 2144 1061 2179 qen:
1091 2143 1195 2169 serm.
1224 2136 1256 2176 1,
1283 2136 1316 2177 5,
1345 2135 1411 2168 79.-

811 2180 914 2216 vicus
938 2181 1102 2227 Apuliae

765 2227 927 2265 Troiae
951 2240 1031 2276 qen.
1051 2234 1085 2266 et
1104 2230 1167 2266 loc.
1188 2241 1299 2266 carm.
1321 2233 1354 2274 1,
1375 2233 1412 2274 8,

813 2279 868 2312 14.
901 2281 935 2322 3,
961 2280 995 2322 3,
1017 2282 1075 2313 60.
1115 2280 1149 2321 3,
1170 2281 1204 2322 3,
1226 2282 1283 2314 61.
1320 2281 1355 2321 4,
1376 2281 1410 2321 6,

812 2328 856 2368 3,·
879 2337 982 2362 serm.
1002 2329 1039 2370 2,
1054 2329 1088 2370 5,
1103 2329 1172 2370 18;
1197 2327 1300 2372 epist.
1322 2330 1355 2370 1,
1375 2330 1411 2370 2,

122 2396 301 2430 noma-ms,
319 2396 365 2423 ed.
385 2395 564 2423 vunnu.
601 2395 657 2421 Ed.
676 2394 718 2421 11.
738 2393 844 2419 maior.
1148 2389 1193 2421 26
