1586 2514
197 95 279 138 176
745 95 884 133 SERM.
910 96 927 132 1
947 102 978 133 2.

245 193 353 249 quid
382 193 692 251 responderet?
731 193 904 251 ‘magno
932 201 1055 252 patre
1082 200 1186 239 nata
1215 195 1359 252 puella
1387 196 1480 240 est.'

246 257 293 296 at
315 258 480 309 quanto
506 252 687 297 meliora
710 259 857 297 monet
880 254 1209 311 pugnantiaque
1233 254 1331 298 istis

245 311 365 355 dives
388 312 483 369 opis
508 318 665 356 natura
687 327 802 365 suae,
828 319 876 357 tu
900 313 937 356 si
961 313 1089 356 modo
1113 319 1225 357 recte

194 385 228 413 75
247 370 495 427 dispensare
522 371 631 415 velis
661 387 710 415 ac
738 387 825 416 non
854 372 1069 429 fugienda
1098 372 1296 430 petendis

245 429 486 474 inmiscere.
526 436 602 474 tuo
640 431 750 475 vitio
778 447 977 475 rerumne
1006 431 1186 484 labores,

245 489 311 533 nil
335 490 498 534 referre
525 490 688 547 putas?
721 505 867 547 quare,
894 506 947 535 ne
972 491 1192 548 paeniteat
1217 496 1273 544 te,

245 548 393 593 desine
419 549 574 593 sectari
603 555 835 602 matronas,
865 550 978 594 unde
1005 550 1166 594 laboris

244 608 343 665 plus
369 608 543 652 haurire
571 609 677 652 mali
703 614 767 653 est
791 625 922 666 quam
947 625 1000 654 ex
1027 625 1072 653 re
1097 609 1321 667 decerpere
1345 610 1530 655 fructus.

191 682 227 709 ao
246 682 323 711 nec
347 667 488 724 magis
515 668 630 720 huic,
656 668 771 712 inter
794 668 941 712 niveos
965 669 1205 726 viridisque
1229 669 1404 726 lapillos

243 726 303 769 sit
318 726 434 779 licet,
452 726 544 779 hoc,
563 727 784 779 Cerinthe,
802 733 878 771 tuo
893 733 1090 771 tenerum
1105 733 1171 772 est
1185 728 1333 772 femur
1346 734 1423 773 aut
1437 744 1533 773 crus

244 785 427 839 rectius;
462 792 592 842 atque
621 786 755 829 etiam
782 787 937 830 melius
965 802 1166 843 persaepe
1195 793 1369 844 togatae
1397 788 1529 843 (est).

244 843 354 887 adde
383 845 466 888 huc
496 845 613 901 quod
641 860 824 889 mercem
851 846 945 889 sine
974 846 1090 889 fucis
1118 851 1274 903 gestat,
1305 852 1452 903 aperte

243 903 359 959 quod
389 904 539 947 venale
572 903 702 947 habet
732 904 922 948 ostendit
951 920 1041 957 nec,
1074 905 1221 962 siquid
1252 905 1421 949 honesti
1452 912 1528 958 est,

190 978 224 1004 85
243 962 379 1006 iactat
409 962 622 1020 habetque
654 963 813 1019 palam,
844 964 1029 1020 quaerit,
1061 979 1147 1020 quo
1178 964 1326 1021 turpia
1355 964 1476 1008 celet.

206 1029 209 1031 “
243 1021 420 1078 regibus
443 1022 513 1066 hic
538 1037 630 1066 mos
653 1028 729 1074 est,
755 1022 831 1066 ubi
853 1038 984 1079 equos
1008 1029 1277 1066 mercantur:
1309 1030 1478 1080 opertos

243 1080 498 1137 inspiciunt,
521 1096 576 1124 ne
600 1081 637 1124 si
661 1080 809 1133 facies,
836 1087 886 1125 ut
907 1097 1047 1138 saepe,
1070 1081 1224 1125 decora.

243 1139 366 1183 molli
392 1140 511 1184 fulta
538 1140 646 1196 pede
671 1146 748 1192 est,
774 1146 1012 1197 emptorem
1038 1141 1219 1185 inducat
1244 1141 1451 1194 hiantem,

242 1199 357 1255 quod
380 1199 554 1255 pulcrae
579 1199 737 1252 clunes,
762 1199 886 1243 breve
907 1200 1023 1257 quod
1044 1206 1189 1257 caput,
1213 1200 1348 1244 ardua
1371 1201 1528 1245 cervix.

189 1273 225 1300 90
244 1258 321 1301 hoc
347 1258 418 1301 illi
446 1264 582 1312 recte;
617 1275 670 1302 ne
694 1259 885 1315 corporis
911 1259 1078 1316 optima
1104 1259 1270 1316 Lyncei

240 1317 528 1374 contemplere
559 1318 708 1370 oculis,
742 1318 949 1374 Hypsaea
975 1319 1141 1362 caecior
1169 1318 1261 1370 illa,

240 1392 350 1432 quae
376 1377 491 1420 mala
516 1383 633 1429 sunt,
660 1383 834 1433 spectes.
872 1377 910 1420 ‘o
936 1393 1045 1430 crus,
1074 1393 1099 1421 o
1126 1377 1354 1422 bracchia.’
1379 1394 1526 1422 verum

241 1436 439 1492 depugis,
469 1442 637 1489 nasuta,
669 1436 787 1479 brevi
814 1436 948 1480 latere
975 1452 1023 1480 ac
1051 1437 1158 1493 pede
1185 1437 1316 1493 longo
1344 1444 1420 1481 est.

279 1540 601 1587 Q:aBDEK
695 1540 875 1588 &1³4⁵
895 1542 955 1585 (-—.
976 1542 1124 1585 Fam)

283 1634 330 1671 78
363 1636 498 1672 sectari
534 1637 724 1671 matronas
760 1635 915 1682 QFM,
952 1637 1143 1671 matronas
1181 1635 1357 1672 sectarier
1392 1635 1532 1681 (sietari

187 1682 253 1727 13¹)
280 1683 439 1727 ΒὸΕς,
464 1695 618 1729 quorum
648 1683 740 1720 codd
776 1684 976 1718 auctoritas
1000 1684 1091 1718 mihi
1114 1694 1189 1718 non
1212 1683 1350 1727 sufficit
1374 1687 1416 1719 ut
1438 1683 1533 1719 hanc

184 1730 366 1766 lectionem
390 1731 584 1776 archetypo
614 1731 821 1776 adsiqnem;
851 1730 1084 1775 interpolatio
1114 1734 1194 1766 orta
1218 1731 1260 1766 in
1284 1729 1322 1766 R
1345 1734 1387 1766 ut
1409 1731 1533 1766 hiatus

184 1777 367 1813 tolleretur
390 1779 546 1824 reliquos
568 1779 779 1814 recentiores
804 1779 1033 1822 occupaverit
1124 1777 1172 1813 81
1199 1778 1242 1814 ob
1267 1776 1389 1812 femur
1412 1777 1532 1822 adfert

183 1824 300 1860 Prisc.
322 1827 364 1867 6,
383 1828 433 1861 52
451 1836 490 1871 p.
510 1828 598 1869 238,
619 1829 665 1862 10
690 1825 825 1868 femur,
852 1823 1044 1869 Cerintho,
1068 1825 1175 1860 tuum
1270 1825 1334 1860 tuo
1360 1835 1400 1868 ς,
1425 1826 1531 1860 tuum

182 1871 231 1918 Q
253 1871 304 1919 Θ
335 1873 470 1918 Por-ph.
496 1874 537 1917 (i.
556 1873 664 1909 schol.
688 1872 760 1907 PV
779 1883 818 1917 p.
839 1874 901 1915 27,
922 1875 983 1918 17)
1016 1873 1187 1916 (Prisc),
1223 1872 1312 1907 tuae
1338 1871 1531 1908 Friedrich

185 1918 235 1953 82
272 1920 330 1954 est
366 1919 451 1954 add.
479 1931 519 1963 ς,
557 1931 624 1956 om.
649 1920 698 1967 Q
719 1918 770 1966 Θ
889 1918 941 1955 38
979 1921 1108 1965 aperte
1143 1919 1192 1974 Q
1214 1918 1280 1966 Θ,
1318 1918 1457 1964 apertis
1493 1919 1530 1955 B

182 1966 311 2001 lemma
337 1966 503 2012 ‘Porphf
600 1967 650 2003 86
674 1977 800 2003 novom
825 1977 1021 2010 sermonem
1044 1967 1286 2003 exordmntur
1310 1966 1390 2002 Do
1460 1966 1530 2001 Ro-

182 2013 292 2058 gibus
310 2013 420 2061 ΘΘ
438 2015 586 2060 Porph„
610 2013 815 2050 Threcibus
840 2014 1040 2061 Kiessliny,
1065 2018 1104 2050 at
1128 2013 1173 2057 cf.
1198 2014 1282 2049 Tac.
1301 2025 1389 2050 ann.
1412 2015 1531 2056 12,47

184 2060 320 2107 Paneq.
336 2072 375 2106 p.
396 2064 478 2104 113,
491 2065 539 2097 16
566 2062 804 2098 WBdhrens
877 2061 928 2097 88
953 2061 1067 2097 ducat
1086 2061 1240 2107 Bentley
1309 2060 1360 2097 89
1385 2061 1428 2097 ob
1453 2059 1529 2096 clu-

182 2119 247 2144 nes
277 2109 358 2153 fem.
385 2109 546 2152 afferunt
574 2110 673 2145 Non.
687 2120 727 2154 p.
749 2111 832 2152 196,
851 2110 898 2144 34
930 2109 1046 2145 Prisc.
1067 2112 1102 2152 5,
1118 2111 1169 2144 29
1189 2120 1226 2154 p.
1249 2111 1333 2152 160,
1351 2111 1417 2150 15,·
1452 2107 1530 2144 sine

182 2156 344 2192 lemmate
378 2157 546 2192 exhibent
582 2157 764 2202 Exempla
802 2156 915 2192 Vatic.
941 2159 1038 2200 211;
1074 2156 1174 2201 quod
1199 2177 1244 2182 —
1269 2155 1395 2191 clunes
1431 2155 1528 2191 Serv.

181 2204 274 2240 Aen.
293 2207 330 2247 2,
349 2206 440 2246 544;
469 2205 514 2247 cf.
538 2204 676 2240 Charis.
696 2215 847 2251 yramm.
868 2205 896 2240 I
910 2207 990 2246 101,
1005 2207 1028 2239 7
1051 2204 1168 2240 Prisc
1189 2206 1225 2247 5,
1243 2206 1292 2239 42
1317 2214 1357 2248 p.
1378 2205 1463 2245 169,
1483 2205 1527 2238 11

181 2251 233 2287 90
258 2250 381 2297 lyncei
405 2251 453 2298 Q
470 2251 521 2298 Θ
545 2252 682 2287 Bland.
708 2252 841 2296 Porph.
869 2252 909 2295 (i.
929 2252 1036 2287 schol.
1058 2252 1161 2296 FV),
1185 2250 1327 2296 lynceis
1352 2250 1442 2286 ΕΚ
1446 2249 1528 2284 Fu

183 2298 230 2334 91
259 2298 517 2344 Contemplere
541 2299 589 2345 Q
612 2299 679 2346 Θ,
717 2298 977 2343 Contemplare
1003 2299 1070 2338 Βς
1201 2297 1252 2333 93
1279 2296 1444 2343 Depugis
1467 2295 1525 2342 Q,

182 2346 347 2392 Depygis
373 2347 454 2389 αΦ,
480 2346 635 2391 Depigis
662 2346 729 2382 K¹.
756 2345 810 2381 R¹
834 2357 909 2381 non
934 2347 1045 2391 liquet
1316 2352 1317 2355 ’
