1586 2514
148 90 208 133 54
692 92 837 129 CARM.
862 93 896 129 ΙΙ
916 97 947 128 6.

792 203 870 245 VI.

313 271 516 328 Septimi,
544 272 682 316 Gadis
707 273 878 317 aditure
904 290 1070 318 mecum
1095 281 1137 318 et
1165 300 1168 303 ⁴

313 330 583 375 Cantabrum
608 332 833 376 indoctum
858 333 964 390 iuga
989 334 1103 377 ferre
1127 341 1273 378 nostra
1298 341 1341 378 et

313 390 515 434 barbaras
544 390 702 447 Syrtis,
731 392 807 435 ubi
834 393 994 436 Maura
1019 408 1185 449 semper

364 456 534 494 aestuat
559 451 699 494 unda:

167 547 184 574 5
313 533 452 576 Tibur
479 534 629 590 Argeo
657 535 848 589 positum
876 535 1025 577 colono

310 592 370 635 sit
399 608 517 635 meae
545 593 663 635 sedes
693 594 863 636 utinam
892 601 1095 646 senectae,

309 651 370 694 sit
400 651 552 695 modus
581 651 690 695 lasso
720 653 853 695 maris
880 658 925 696 et
952 653 1122 697 viarum

365 710 651 767 militiaeque.

313 794 427 837 unde
449 794 487 837 si
513 795 674 838 Parcae
698 795 931 851 prohibent
953 796 1142 853 iniquae,
1162 841 1166 845 ,

153 866 187 894 10
311 853 436 896 dulce
463 854 629 909 pellitis
653 854 808 898 ovibus
833 853 1010 898 Galaesi

312 912 484 955 flumen
515 918 558 955 et
588 919 770 969 regnata
801 919 946 970 petam
978 914 1141 957 Laconi

366 987 467 1015 rura
499 972 759 1015 Phalantho.

311 1054 388 1097 ille
413 1060 626 1098 terrarum
652 1055 763 1098 mihi
787 1063 956 1112 praeter
981 1057 1120 1099 omnis

312 1114 500 1170 angulus
526 1114 654 1165 ridet,
682 1115 759 1158 ubi
785 1130 871 1159 non
898 1115 1112 1171 Hymetto

153 1187 188 1214 15
314 1173 444 1216 mella
470 1173 684 1217 decedunt
707 1174 927 1231 viridique
953 1181 1087 1218 certat

367 1232 472 1276 baca
489 1233 702 1286 Venafro,

312 1330 386 1359 ver
411 1315 487 1359 ubi
511 1316 693 1372 longum
716 1317 969 1373 tepidasque
993 1316 1169 1373 praebet

315 1374 518 1432 Iuppiter
542 1375 717 1419 brumas
740 1382 784 1419 et
806 1377 971 1420 amicus
995 1376 1146 1420 Aulon

314 1434 457 1477 fertili
489 1434 660 1479 Baccho
687 1435 922 1479 minimum
951 1436 1152 1479 Falernis

154 1507 190 1534 20
367 1494 538 1537 invidet
570 1495 687 1547 uvis;

315 1576 391 1620 ille
418 1583 460 1620 te
486 1593 653 1621 mecum
678 1578 796 1621 locus
822 1584 866 1621 et
890 1577 1039 1621 beatae

314 1636 540 1692 postulant
568 1652 708 1681 arces:
743 1637 809 1680 ibi
838 1643 888 1680 tu
916 1636 1127 1680 calentem

314 1694 465 1738 debita
492 1710 670 1752 sparges
699 1696 879 1739 lacrima
909 1696 1111 1739 favillam

368 1754 481 1797 vatis
508 1754 652 1798 amici.

250 1894 527 1941 szABDE
618 1893 795 1942 ΘεΒΦ

251 1967 292 2013 6,
311 1965 336 2001 3
360 1965 427 2000 ubi
452 1987 497 1991 —
522 1965 624 2000 unda
648 1966 691 2001 ob
715 1977 789 2002 rem
807 1965 904 2002 Serv.
925 1966 1014 2001 Aen.
1037 1967 1155 2008 5‚192
1249 1963 1274 2000 5
1299 1964 1340 1999 ob
1360 1964 1503 2010 Argeus

157 2013 279 2057 adfert
301 2014 418 2050 Prisc.
440 2016 477 2057 2,
490 2015 539 2048 48
554 2024 598 2058 .p.
620 2016 678 2055 74,
692 2015 716 2047 8
838 2013 857 2047 7
891 2013 1023 2048 modus
1046 2013 1095 2060 Q)
1111 2012 1162 2060 Θ
1186 2012 1340 2056 Ρονρῆ.,
1371 2010 1500 2047 domus

156 2061 370 2106 Peerlkamp
466 2060 517 2096 13
529 2080 577 2087 —
588 2059 688 2095 ridet
705 2061 748 2096 ob
766 2060 886 2095 ridere
900 2060 996 2096 Serv.
1010 2061 1088 2096 buc.
1104 2063 1138 2104 7,
1152 2062 1199 2096 55
1295 2058 1341 2094 17
1362 2079 1402 2084 —
1416 2058 1502 2094 bru-

156 2119 237 2143 mas
257 2109 421 2153 (umbras
439 2108 556 2154 codd.)
576 2109 618 2143 ob
638 2117 700 2142 ver
717 2107 867 2150 longum
890 2108 1010 2151 adfert
1027 2107 1123 2143 Serv.
1143 2111 1240 2144 auct.
1251 2116 1368 2160 yeory.
1381 2107 1418 2148 2,
1433 2109 1502 2142 149

158 2154 207 2190 18
240 2157 278 2191 et
303 2177 346 2183 —
371 2156 519 2192 Baccho
551 2156 593 2191 ob
618 2154 742 2190 Aulon
773 2154 868 2191 Serv.
895 2155 987 2190 Aen.
1008 2157 1042 2199 3,
1056 2158 1128 2191 553
1223 2163 1364 2189 amicus
1387 2153 1437 2200 Q)
1452 2153 1503 2201 Θ

158 2202 308 2248 (Serv),
345 2204 390 2247 cf.
428 2209 460 2240 et
496 2203 655 2239 dilectus
692 2201 783 2238 Stat.
819 2203 898 2238 silv.
929 2205 971 2246 2,
989 2205 1031 2246 2,
1051 2205 1094 2247 4,·
1130 2202 1288 2237 amictus
1325 2201 1504 2236 Heinsius

160 2249 208 2285 18
233 2250 348 2286 fertili
373 2252 422 2298 (D
438 2251 498 2299 Θ,
523 2250 659 2286 fertilis
685 2249 768 2285 Fu
794 2250 901 2294 (male
926 2260 971 2285 ex
995 2250 1146 2295 Porph.)
1168 2249 1298 2294 (Serv.)
1395 2247 1502 2283 mini-

158 2308 260 2334 mum
289 2299 337 2345 (D
360 2299 411 2346 Θ
440 2300 592 2344 Porph„
629 2297 784 2334 nimium
818 2296 884 2332 F&
1003 2296 1053 2332 22
1089 2297 1144 2333 ibi
1167 2297 1216 2344 G)
1237 2295 1305 2344 (ᾧ,
1339 2295 1406 2331 ubi
1437 2295 1503 2332 Fe

159 2343 208 2388 24
234 2345 372 2391 legitur
397 2347 434 2381 et
461 2347 570 2381 ‘vatis
596 2345 743 2381 Horati'
772 2346 832 2382 Ps.
859 2344 993 2390 Povph.
1020 2345 1081 2389 (ef.
1107 2348 1142 2389 4,
1162 2348 1197 2388 6,
1215 2346 1278 2388 44)
