1586 2514
201 127 287 169 114

194 987 227 1014 10

194 1344 225 1369 15

727 126 870 164 CARM.
896 128 947 163 III
966 130 1021 164 30.

787 238 946 280 XXX.

359 321 501 376 Exegi
532 327 860 364 monumentum
889 334 984 364 aere
1014 322 1245 378 perennius

355 378 579 436 regalique
606 380 693 423 situ
721 380 1000 436 pyramidum
1027 381 1173 432 altius,

358 439 474 494 quod
500 454 587 482 non
612 439 751 481 imber
776 439 898 491 edax,
926 455 1012 483 non
1038 440 1185 496 aquilo
1209 441 1425 496 impotens

356 498 493 553 possit
515 498 686 541 diruere
709 505 786 541 aut
808 499 1139 542 innumerabilis

354 632 566 659 annorum
596 617 727 659 series
759 623 802 659 et
833 617 945 673 fuga
978 624 1234 673 temporum.

355 690 442 718 non
465 676 604 718 omnis
627 676 788 719 moriar
811 676 1033 732 multaque
1057 692 1156 732 pars
1179 677 1264 719 mei

351 735 513 778 vitabit
538 734 808 788 Libitinam
843 751 975 791 usque
1001 751 1081 792 ego
1107 741 1277 792 postera

353 809 537 837 crescam
567 794 694 837 laude
725 810 880 846 recens,
912 795 1015 837 dum
1049 795 1320 850 Capitolium

352 913 527 955 scandet
557 929 654 956 cum
685 913 817 956 tacita
847 913 1017 970 virgine
1048 914 1264 970 pontifex.

352 972 486 1023 dicar,
518 988 603 1028 qua
631 973 795 1015 violens
825 973 1037 1029 obstrepit
1067 974 1268 1017 Aufidus

352 1037 394 1074 et
420 1047 506 1087 qua
530 1044 694 1088 pauper
719 1047 855 1088 aquae
883 1031 1065 1075 Daunus
1091 1033 1329 1089 agrestium

351 1091 552 1146 regnavit
580 1091 854 1147 populorum,
885 1107 936 1133 ex
968 1091 1125 1134 humili
1156 1098 1320 1147 potens,

350 1209 551 1266 princeps
575 1209 783 1252 Aeolium
809 1225 979 1252 carmen
1004 1210 1059 1253 ad
1087 1210 1223 1253 Italos

350 1268 579 1311 deduxisse
608 1268 769 1311 modos.
818 1284 937 1312 sume
965 1269 1213 1324 superbiam

350 1329 591 1384 quaesitam
615 1328 784 1371 meritis
809 1334 851 1371 et
874 1328 984 1371 mihi
1011 1328 1225 1385 Delphica

347 1387 471 1430 lauro
496 1387 621 1444 cinge
645 1387 803 1438 volens,
830 1387 1118 1444 Melpomene,
1145 1403 1325 1431 comam.

281 1493 498 1550 'szABG
588 1503 660 1551 Θ,
677 1505 769 1540 ΒΦ

282 1598 347 1646 30,
375 1599 396 1634 1
436 1601 479 1635 ob
513 1600 729 1635 sententiam
765 1598 868 1635 Hier.
895 1599 995 1644 epist.
1028 1602 1118 1643 108,
1143 1602 1191 1635 33
1221 1611 1261 1645 p.
1293 1601 1366 1636 906
1404 1601 1532 1647 Μᾶρκε

187 1646 234 1682 11
263 1648 301 1682 et
316 1666 359 1673 -
372 1646 594 1692 populorum
619 1647 662 1683 ob
686 1657 842 1692 regnare
867 1657 894 1682 c.
913 1658 992 1693 qen.
1012 1647 1120 1691 affert
1143 1646 1240 1683 Serv.
1261 1647 1352 1683 Am.
1373 1650 1431 1692 11,
1446 1650 1532 1692 126,

186 1695 334 1730 eandem
365 1695 408 1730 ob
438 1698 660 1730 structum-am
689 1694 796 1730 verba
827 1694 1031 1740 agrestium
1061 1706 1089 1730 r.
1115 1694 1337 1740 populorum
1361 1696 1453 1731 Aen.
1474 1699 1532 1739 11,

184 1744 262 1778 280

359 1741 407 1777 12
434 1741 619 1789 Regnavit
641 1742 690 1788 (D
705 1741 757 1789 ᾧ)
774 1742 912 1777 Bland.
928 1743 1061 1787 Porph.
1076 1742 1172 1778 Serv.
1194 1743 1258 1787 bis,
1282 1744 1457 1788 regnator
1475 1744 1532 1779 δπ
