1586 2514
189 98 274 142 238
738 99 880 136 SERM.
904 100 938 136 11
957 104 990 136 6.

190 211 225 238 25
243 196 333 239 sive
357 195 505 251 aquilo
530 196 647 240 radit
672 202 807 240 terras
830 213 905 240 seu
930 197 1082 240 bruma
1108 197 1296 243 nivalem

243 254 450 298 interiore
476 255 592 298 diem
617 270 728 312 gyro
757 255 906 307 trahit,
934 255 998 298 ire
1023 271 1188 300 necesse
1215 262 1290 300 est.

243 313 468 369 postmodo
491 314 607 370 quod
630 314 692 357 mi
717 314 832 357 obsit
854 314 966 357 clare
989 320 1238 372 certumque
1255 315 1403 360 ‘locuto

244 372 497 415 luctandum
529 373 577 416 in
608 372 739 416 turba
768 379 812 416 et
842 373 1045 416 facienda
1076 373 1240 417 iniuria
1271 374 1421 419 tardis.

244 429 361 486 ‘quid
374 431 453 473 tibi
466 434 542 486 vis,
561 435 719 486 insane,
739 434 780 473 et
794 445 920 487 quam
933 446 1021 473 rem
1034 435 1124 487 agis
1133 432 1170 474 ‘?'
1190 433 1395 488 inprobus
1409 436 1533 490 urget

190 505 226 532 30
244 490 369 533 iratis
385 491 608 547 precibus:
633 491 696 534 'tu
713 490 856 548 pulses
873 506 998 534 omne
1014 491 1129 548 quod
1147 491 1302 544 obstat,

241 549 296 592 ad
324 549 623 594 Maecenatem
651 550 830 593 memori
860 551 897 593 si
925 557 1068 594 mente
1094 550 1316 595 recurras.’

243 608 321 651 hoc
349 609 471 652 iuvat
498 616 542 653 et
570 610 690 653 melli
718 615 794 661 est,
824 625 910 653 non
939 609 1138 653 mentiar.
1176 615 1224 653 at
1251 610 1383 654 simul
1411 616 1531 656 atras

241 673 418 711 ventum
446 675 510 712 est
538 669 774 726 Esquilias,
803 669 945 712 aliena
970 669 1146 725 negotia
1173 675 1344 714 centum

176 748 179 753 ·
242 741 317 782 per
343 734 474 783 caput
498 734 542 771 et
567 728 680 771 circa
702 727 867 771 saliunt
890 727 1018 770 latus.
1056 727 1169 771 ‘ante
1194 728 1423 772 secundam

189 800 223 826 35
243 785 426 829 Roscius
457 786 608 829 orabat
636 787 722 829 sibi
751 787 918 830 adesses
946 786 1001 829 ad
1031 786 1191 829 Puteal
1219 787 1340 830 cras.'

242 843 308 887 ‘de
330 860 374 888 re
396 846 615 888 communi
638 845 802 888 scribae
824 861 984 902 magna
1003 851 1132 901 atque
1154 860 1264 889 nova
1286 851 1329 889 te

242 903 424 946 orabant
454 904 581 947 hodie
610 905 890 956 meminisses,
922 903 1098 959 Quinte,
1129 903 1316 947 reverti.’

241 962 468 1018 'inprimet
499 963 564 1006 his
594 978 698 1006 cura
726 963 955 1006 Maecenas
984 963 1109 1019 signa
1139 962 1342 1006 tabellis.'

241 1021 429 1064 dixeris:
466 1021 706 1078 ³experiar’,
736 1021 785 1065 ‘si
813 1021 892 1073 vis,
921 1021 1071 1078 potes,’
1100 1021 1227 1065 addit
1253 1028 1296 1064 et
1324 1022 1472 1066 instat.

189 1095 223 1120 ιο
242 1080 452 1135 septimus
483 1088 632 1124 octavo
663 1081 841 1137 propior
869 1081 958 1123 iam
988 1081 1158 1137 fugerit
1187 1096 1339 1133 annus,

242 1154 293 1181 cx
326 1155 411 1195 quo
443 1140 672 1183 Maecenas
705 1155 772 1183 me
803 1139 946 1196 coepit
976 1139 1131 1182 habere
1163 1154 1338 1183 suorum

242 1198 289 1240 in
309 1214 501 1250 numero,
523 1199 754 1242 dumtaxat
772 1199 827 1242 ad
847 1198 938 1250 hoc,
959 1213 1087 1254 quem
1107 1197 1258 1241 tollere
1277 1199 1406 1242 raeda

241 1256 371 1299 vellet
398 1257 483 1300 iter
511 1258 677 1301 faciens
706 1263 749 1300 et
776 1257 846 1301 cui
873 1257 1123 1300 concredere
1150 1272 1290 1313 nugas

241 1315 1528 1373 hocgenusz‘horaquota2estP'‘ThraexestGallinaSyropar‘?’

189 1391 222 1416 45
242 1375 475 1418 ‘matutina
506 1386 660 1432 parum
692 1382 838 1420 cautos
870 1376 959 1418 iam
990 1375 1162 1431 frigora
1191 1375 1427 1429 mordent'3

241 1441 284 1477 et
311 1450 420 1490 quae
449 1435 608 1478 rimosa
637 1435 741 1478 bene
769 1435 1044 1491 deponuntur
1071 1434 1119 1477 in
1145 1449 1261 1477 aure.

241 1509 316 1549 per
340 1500 481 1536 totum
504 1494 581 1537 hoc
604 1500 774 1551 tempus
796 1494 1030 1537 subiectior
1051 1493 1099 1536 in
1121 1493 1237 1535 diem
1260 1499 1302 1536 et
1325 1493 1474 1538 horam

242 1552 433 1595 invidiae
464 1559 619 1596 noster.
660 1553 785 1596 ludos
814 1557 1091 1609 spectaverat,
1123 1567 1209 1594 una

241 1612 402 1655 luserat
434 1611 482 1654 in
512 1627 687 1668 campo:
727 1612 944 1655 ‘fortunae
975 1609 1117 1653 filius'
1149 1625 1307 1654 omnes.

188 1686 224 1713 50
243 1670 438 1726 frigidus
462 1686 487 1713 a
510 1671 660 1713 rostris
685 1677 834 1714 manat
855 1686 931 1726 per
954 1669 1144 1725 compita
1168 1684 1339 1712 rumor:

241 1730 502 1785 quicumque
528 1729 678 1772 obvius
702 1735 778 1781 est,
806 1745 872 1772 me
897 1729 1107 1772 consulit:
1139 1727 1178 1770 ’o
1203 1727 1311 1771 bone
1339 1727 1460 1783 (nam
1484 1736 1526 1772 te

277 1832 394 1878 Qza
488 1832 619 1879 ΘεΦ

280 1914 327 1951 27
357 1915 399 1950 ob
424 1914 621 1959 postmodo
647 1915 743 1952 Serv.
764 1916 840 1951 buc.
863 1918 895 1959 1,
914 1917 963 1951 29
1052 1915 1194 1950 certum
1218 1913 1267 1960 Q
1283 1913 1344 1961 Q,
1368 1913 1527 1950 multum

185 1962 315 2007 (Serv.)
412 1961 537 1997 locuto
562 1962 610 2008 Q
635 1962 785 2008 (Serv),
815 1961 931 1997 locuti
960 1964 990 1997 Φ
1014 1965 1056 1997 ut
1079 1961 1221 1997 videtur
1339 1960 1390 1996 29
1415 1972 1527 2007 quam

185 2020 264 2045 rem
289 2010 459 2064 Bentley,
490 2020 582 2053 quas
606 2020 665 2044 res
689 2010 737 2056 Q
753 2009 822 2057 Q:
860 2020 953 2054 quas
984 2020 1041 2063 res
1066 2008 1130 2065 qu}
1152 2011 1344 2044 servarunt
1367 2012 1434 2045 aut
1456 2009 1527 2044 tibi

188 2060 255 2140 gg?
263 2068 368 2140 1:053?
389 2061 587 2151 ὥεῑωῖἶῖῗῖι.
608 2057 756 2150 Ρονρῗιῖ
789 2057 1534 2148 (ἐῶωςέῗιῖτὶὶἀῗῖτῗ·<ζῖοῗ3λ,ζηξῗὶζὲε2ἷ

187 2153 316 2188 lemma
346 2151 494 2196 Porph.)
614 2150 664 2187 34
694 2152 788 2188 redit
814 2152 871 2194 E;
901 2151 916 2197 [
978 2149 1100 2197 :aEJ
1220 2148 1271 2184 86
1301 2161 1400 2186 noua
1429 2152 1468 2186 te
1494 2162 1526 2196 ς,

186 2209 324 2235 nouare
343 2199 384 2235 Ε
403 2204 444 2243 (α
461 2210 537 2234 mm
556 2199 715 2245 legitur),
733 2199 895 2234 nouatae
982 2197 1119 2233 Bland.
1138 2196 1245 2233 schol.
1258 2197 1332 2232 PV
1399 2197 1450 2234 88
1469 2199 1529 2234 ta-

184 2246 293 2283 bellis
311 2247 385 2294 Q2
408 2246 514 2282 schol.
532 2246 610 2290 FV,
635 2246 794 2282 tabellas
814 2246 869 2282 Fz
947 2244 998 2280 40
1022 2244 1173 2290 propior
1191 2244 1240 2288 E,
1266 2255 1333 2289 pro
1360 2244 1436 2281 rior
1463 2247 1528 2280 αΦ

184 2293 236 2330 4ss
261 2294 500 2340 deponuntur
523 2293 572 2339 Q
588 2293 639 2340 Θ
664 2294 851 2339 (Porph.),
883 2292 1131 2338 disponuntur
1156 2290 1212 2327 Ει
1307 2290 1330 2327 4
1382 2293 1526 2338 specta-

185 2343 293 2377 uerat
316 2346 348 2377 et
372 2339 424 2377 49
449 2339 590 2375 luserat
613 2341 662 2387 Q
678 2341 738 2388 Θ,
764 2340 854 2375 -erit
877 2340 1069 2384 utrubique
1094 2350 1116 2378 ς
