1586 2514
195 118 278 161 162
706 121 842 158 EPOD.
872 126 925 157 15.
949 125 1003 158 16.

196 255 200 259 .
245 231 320 259 nec
345 222 386 260 te
414 217 692 274 Pythagorae
716 218 878 262 fallant
901 234 1056 263 arcana
1081 220 1220 264 renati

298 275 525 332 formaque
549 277 697 320 vincas
726 277 876 330 Nirea,

245 333 326 377 heu
354 334 450 386 heu,
482 335 713 382 translatos
739 336 826 379 alio
855 338 1062 382 maerebis
1089 353 1267 391 amores,

296 398 363 436 ast
390 409 470 450 ego
500 394 688 438 vicissim
719 395 865 439 risero.

792 572 920 617 XVI.

244 652 400 697 Altera
430 653 519 697 iam
552 655 710 698 teritur
741 655 865 700 bellis
895 656 1098 701 civilibus
1128 664 1257 710 aetam

295 712 387 755 suis
411 718 454 756 et
480 713 576 769 ipsa
601 713 742 758 Roma
765 715 932 759 viribus
958 716 1061 759 ruit.

243 786 374 827 quam
404 787 541 828 neque
572 773 764 816 finitimi
793 775 1022 818 valuerunt
1051 776 1226 831 perdere
1255 776 1396 820 Marsi

296 830 477 874 minacis
505 837 582 874 aut
614 833 796 875 Etrusca
824 833 1036 877 Porsenae
1064 850 1230 887 manus,

205 904 223 931 ο
242 889 411 933 aemula
435 905 511 933 nec
536 890 675 934 virtus
700 891 874 947 Capuae
897 908 972 935 nec
998 892 1230 950 Spartacus
1254 909 1349 938 acer

295 948 500 1005 novisque
531 949 657 993 rebus
688 950 887 994 infidelis
915 951 1130 995 Allobrox

243 1022 318 1050 nec
345 1008 442 1051 fera
471 1009 664 1052 caerulea
691 1009 862 1052 domuit
889 1010 1125 1054 Germania
1153 1011 1266 1067 pube

294 1066 632 1123 parentibusque
658 1067 931 1111 abominatus
960 1069 1211 1113 Hannibal:

242 1124 620 1182 inpia‘perdemus
647 1126 792 1170 devoti
819 1127 1045 1184 sanguinis
1072 1135 1188 1172 aetas

191 1198 224 1225 10
296 1183 488 1240 ferisque
514 1200 661 1228 rursus
689 1186 969 1242 occupabitur
994 1187 1158 1230 solum:

242 1242 449 1286 barbarus
473 1244 556 1287 heu
582 1244 744 1288 cineres
768 1245 940 1289 insistet
961 1246 1100 1289 victor
1123 1253 1165 1290 et
1188 1247 1348 1292 Vrbem

294 1317 421 1358 eques
452 1309 630 1346 sonante
661 1304 905 1347 verberabit
936 1305 1113 1362 ungula,

241 1376 435 1418 quaeque
461 1368 608 1405 carent
633 1362 773 1406 ventis
800 1369 842 1406 et
868 1364 1031 1407 solibus
1057 1379 1150 1408 ossa
1176 1364 1367 1420 Quirini,

297 1418 442 1475 (nefas
468 1420 637 1477 videre)
668 1421 902 1478 dissipabit
929 1422 1129 1466 insolens.

188 1494 222 1521 15
240 1479 357 1522 forte
381 1479 488 1535 quid
517 1480 720 1536 expediat
745 1482 1031 1524 communiter
1056 1488 1131 1525 aut
1157 1483 1310 1526 melior
1334 1499 1431 1540 pars

294 1538 421 1581 malis
453 1554 594 1582 carere
627 1539 837 1595 quaeritis
869 1539 1112 1594 laboribus;

242 1597 364 1640 nulla
391 1597 453 1641 sit
485 1598 562 1640 hac
593 1598 738 1654 potior
769 1599 1006 1642 sententia:
1046 1599 1339 1645 Phocaeorum

291 1656 410 1699 velut
435 1657 641 1713 profugit
667 1664 883 1700 exsecrata
909 1659 1061 1702 civitas

239 1730 366 1771 agros
394 1721 524 1771 atque
554 1716 664 1758 lares
691 1715 856 1771 patrios
885 1717 1206 1775 habitandaque
1234 1720 1339 1762 fana

186 1789 223 1816 20
294 1773 411 1830 apris
443 1774 624 1830 reliquit
655 1780 699 1817 et
730 1775 956 1830 rapacibus
988 1776 1117 1833 lupis,

240 1832 317 1884 ire,
348 1833 476 1889 pedes
505 1848 774 1889 quocumque
802 1834 958 1887 ferent,
988 1851 1256 1893 quocumque
1285 1852 1359 1893 per
1389 1838 1525 1881 undas

294 1891 437 1935 Notus
463 1891 635 1934 vocabit
664 1898 740 1935 aut
765 1899 985 1948 protervos
1012 1894 1210 1938 Africus.

281 1995 498 2042 &ABG
588 1995 767 2043 Θαὶς»

282 2077 330 2113 21
358 2078 401 2114 ob
426 2078 548 2114 renati
573 2078 694 2122 adfert
716 2080 821 2115 schol.
849 2080 940 2116 Stat.
971 2080 1074 2116 Theb.
1095 2083 1129 2124 3,
1143 2083 1215 2116 384
1239 2081 1358 2127 (habet
1380 2080 1530 2124 fallunt)

187 2124 424 2170 Pythagorae
447 2126 495 2172 Q)
512 2126 563 2173 Θ
586 2127 721 2172 Porph.
749 2127 869 2170 (schol.
895 2127 1017 2172 Stat.)‚
1041 2127 1274 2164 Panthoidae
1299 2129 1355 2164 W.
1374 2128 1531 2164 Ribbeck

188 2171 237 2207 22
262 2172 366 2208 nirea
385 2174 464 2217 aR,
482 2184 594 2208 nerea
614 2175 732 2210 ABG
739 2176 769 2209 Φ
789 2175 956 2219 (Poe-ph.)
1053 2174 1104 2210 23
1128 2175 1210 2211 Heu
1230 2175 1303 2212 hou
1322 2175 1440 2222 (Eheu
1458 2175 1530 2210 heu

188 2220 272 2264 AG,
297 2219 401 2256 Eheu
425 2221 520 2256 eheu
546 2221 595 2266 B)
619 2222 667 2268 Θ
683 2221 734 2269 Θ
759 2222 911 2265 Bland.,
936 2222 1040 2258 Eheu
1064 2223 1104 2258 F

284 2267 353 2314 16,
380 2267 403 2303 8
447 2268 683 2304 abominatus
713 2269 762 2315 Q)
790 2268 841 2316 Θ
881 2270 986 2305 schol.
1030 2281 1097 2315 cp,
1139 2269 1410 2306 abominandus
1449 2270 1531 2305 Au

189 2313 237 2350 12
267 2313 389 2360 Eques
498 2319 531 2351 et
565 2316 614 2362 Q)
648 2328 866 2361 quanquam
903 2317 1006 2361 Eque
1034 2318 1078 2361 0,
1115 2317 1210 2362 Equi
1236 2318 1291 2360 A,
1326 2316 1375 2353 Et
1404 2316 1469 2361 qui
1494 2317 1529 2352 B

187 2360 238 2398 14
262 2362 391 2398 uidere
464 2391 472 2406 ,
496 2362 617 2398 uideri
641 2363 692 2410 Θ
716 2364 851 2399 Bland.
952 2364 998 2399 15
1024 2365 1115 2410 quid
1138 2365 1187 2411 (D
1203 2364 1264 2412 Θ,
1288 2364 1389 2409 quod
1413 2377 1435 2404 ς
