1586 2514
162 108 217 150 84
693 107 838 143 CARM.
864 107 915 143 111
934 113 965 144 5.

371 206 449 263 qui
480 206 667 263 perfidis
697 221 739 248 se
768 205 954 249 credidit
986 204 1181 249 hostibus

373 270 416 308 et
440 265 590 309 Marte
615 265 781 308 Poenos
806 270 996 321 proteret
1021 265 1180 315 altero;

162 339 196 366 3⁵
427 325 503 380 qui
529 325 621 368 lora
646 324 855 367 restrictis
878 324 1051 367 lacertis

480 383 614 427 sensit
641 383 755 426 iners
784 383 1019 440 timuitque
1046 391 1243 434 mortem,

376 514 458 566 hic,
487 514 599 557 unde
625 513 762 557 vitam
785 519 974 556 sumeret
1000 513 1173 556 inscius.

374 588 521 628 pacem
543 572 688 615 duello
710 572 898 615 miscuit.
940 587 964 615 o
987 572 1140 628 pudor,

426 647 451 675 o
480 647 639 688 magna
670 631 905 688 Carthago,
935 631 1153 688 probrosis

162 707 197 732 ιο
481 691 611 734 altior
638 690 796 734 Italiae
822 690 991 734 ruinis.'

375 822 517 865 fertur
536 822 719 878 pudicae
740 822 937 878 coniugis
957 822 1151 865 osculum

375 896 611 938 parvosque
638 887 762 924 natos
791 887 840 924 ut
866 881 1022 937 capitis
1050 881 1192 924 minor

427 941 480 984 ab
502 956 547 984 se
571 940 800 984 removisse
822 945 865 983 et
886 940 1059 983 virilem

481 1006 622 1043 torvos
650 999 771 1042 humi
800 1000 990 1055 posuisse
1015 999 1196 1043 voltum.

163 1147 196 1172 45
374 1131 507 1174 donec
535 1131 725 1174 labantis
755 1131 935 1174 consilio
963 1137 1107 1187 patres

375 1190 578 1234 firmaret
603 1196 754 1233 auctor
778 1205 1015 1246 numquam
1041 1189 1149 1233 alias
1175 1190 1277 1233 dato

428 1250 627 1305 interque
653 1250 884 1293 maerentis
909 1250 1070 1293 amicos

481 1309 683 1366 egregius
708 1314 958 1365 properaret
982 1309 1096 1352 exul.

373 1441 498 1498 atqui
518 1440 696 1492 sciebat,
718 1455 828 1496 quae
842 1439 933 1483 -sibi
957 1440 1164 1483 barbarus

163 1515 199 1541 50
377 1506 515 1544 tortor
535 1507 731 1557 pararet:
761 1515 848 1543 non
868 1499 996 1543 aliter
1018 1505 1163 1543 tamen

429 1560 615 1602 dimovit
645 1559 857 1602 obstantis
887 1559 1154 1615 propinquos

482 1626 524 1662 et
551 1619 762 1675 populum
790 1618 955 1661 reditus
982 1624 1220 1662 morantem

375 1751 507 1806 quam
526 1750 564 1793 si
588 1750 796 1793 clientum
817 1750 948 1806 longa
969 1750 1143 1805 negotia

377 1809 619 1853 diiudicata
649 1809 727 1852 lite
759 1809 1021 1865 relinqueret

164 1885 199 1910 55
430 1869 607 1912 tendens
632 1869 903 1912 Venafranos
928 1868 976 1911 in
999 1883 1127 1924 agros

484 1933 560 1971 aut
590 1928 981 1971 Lacedaemonium
1014 1928 1265 1971 Tarentum.

254 2150 430 2197 ΘΑΕ
522 2150 702 2198 ΘιΒΦ

253 2274 337 2315 post
361 2269 412 2305 84
436 2271 570 2314 f'orvius
594 2270 751 2307 distinaei
858 2269 908 2306 35
933 2269 1187 2317 [ΘεΑΒΕ]
1295 2267 1343 2305 87
1371 2268 1510 2305 inscius

162 2318 211 2365 ᾧ
226 2317 278 2366 (ᾧ
302 2318 450 2363 Porph..,
475 2317 600 2363 aptius
625 2318 649 2353 ὃ
768 2317 816 2354 51
832 2317 1071 2372 'propinquos
1095 2317 1144 2364 (D
1159 2316 1222 2365 Θ,
1247 2315 1384 2352 amicos
1413 2318 1443 2351 Φ
1467 2327 1511 2351 ea·

163 2376 195 2400 v.
221 2367 268 2400 4⁵7
365 2364 415 2400 53
440 2365 619 2400 clientum
642 2365 691 2412 ᾧ
706 2365 768 2413 Θ,
794 2365 986 2400 clientium
1014 2367 1046 2401 Φ
