1586 2514
157 57 216 101 40
656 56 802 95 CARM.
827 56 845 93 1
870 60 926 94 80.
946 61 1002 93 31.

751 166 913 210 XXX.

425 243 463 288 Ο
490 244 637 288 Venus
663 243 816 301 regina
843 243 978 296 Cnidi
1007 242 1250 301 Paphique,

421 318 578 360 sperne
607 303 812 347 dilectam
843 302 1023 359 Cypron
1053 308 1097 346 et
1125 302 1320 347 vocantis

425 367 523 406 ture
546 368 589 406 te
611 361 752 406 multo
776 361 992 417 Glycerae
1014 361 1211 405 decoram

533 421 725 465 transfer
753 420 803 464 in
832 421 995 464 aedem.

177 520 194 546 ⁵
426 502 624 547 fervidus
645 508 787 547 tecum
807 518 916 559 puer
935 508 979 546 et
1000 502 1154 547 solutis

426 561 610 606 Gratiae
630 561 749 605 zonis
770 567 1087 619 properentque
1109 560 1341 619 Nymphae

427 626 471 666 et
490 636 647 679 parum
668 620 802 665 oomis
823 621 917 665 sine
938 627 982 666 te
1004 621 1209 666 Iuventas

533 680 880 738 Mercuriusque.

742 834 931 877 XXXI.

428 911 549 968 Quid
576 911 825 956 dedicatum
851 911 992 968 poscit
1016 911 1273 969 Apollinem

428 971 582 1015 vates?
615 970 724 1028 quid
748 976 845 1014 orat
867 970 922 1014 de
947 976 1097 1027 patera
1122 985 1277 1014 novom

483 1030 673 1074 fundens
701 1029 950 1086 liquorem?
987 1045 1074 1074 non
1102 1030 1272 1087 opimae

539 1089 770 1133 Sardiniae
791 1094 958 1145 segetes
981 1089 1154 1141 feracis,

180 1187 199 1215 ε
431 1187 519 1216 non
549 1177 769 1216 aestuosae
799 1176 926 1228 grata
959 1170 1188 1215 Calabriae

431 1237 640 1283 armenta,
666 1246 752 1274 non
775 1246 932 1274 aurum
955 1237 1033 1274 aut
1058 1230 1164 1274 ebur
1188 1228 1403 1283 Indicum,

484 1305 572 1334 non
597 1306 712 1343 rura,
739 1305 849 1347 quae
875 1289 995 1334 Liris
1022 1290 1174 1347 quieta

539 1350 708 1393 mordet
736 1364 849 1407 aqua
879 1349 1124 1393 taciturnus
1152 1348 1306 1393 amnis.

431 1439 633 1491 premant
650 1432 858 1477 Calenam
874 1432 990 1476 falce
1005 1431 1164 1490 quibus
1180 1431 1304 1477 dedit

167 1506 202 1536 ιο
433 1492 615 1537 fortuna
643 1492 792 1545 vitem,
823 1492 943 1536 dives
973 1497 1026 1537 ut
1053 1492 1196 1536 aureis

486 1558 697 1596 mercator
723 1551 907 1596 exsiccet
932 1551 1096 1596 culillis

538 1611 641 1655 vina
671 1611 784 1668 Syra
812 1616 1013 1667 reparata
1042 1626 1194 1663 merce,

433 1693 501 1738 dis
523 1709 647 1738 carus
668 1693 790 1751 ipsis,
813 1694 976 1750 quippe
1000 1698 1067 1737 ter
1088 1699 1132 1737 et
1151 1698 1305 1750 quater

432 1769 547 1798 anno
573 1753 761 1797 revisens
787 1768 948 1809 aequor
973 1753 1254 1796 Atlanticum

170 1829 204 1855 ιε
486 1814 664 1869 inpune.
699 1828 768 1856 me
791 1818 975 1869 pascunt
999 1812 1152 1864 olivae,

541 1888 609 1916 me
640 1872 835 1916 cichorea
865 1871 1063 1928 levesque
1093 1871 1272 1914 malvae.

263 1975 489 2023 &2213ss
580 1976 762 2024 &³124

265 2070 333 2118 8⁰,
354 2071 377 2107 2
403 2082 535 2117 sperne
556 2091 600 2097 —
620 2070 767 2117 Cypron
783 2071 826 2107 ob
838 2070 919 2114 fem.
935 2067 1083 2115 Cypron
1095 2069 1157 2104 Pe.
1172 2068 1281 2105 Prob-
1293 2077 1445 2115 ymnum.
1458 2067 1525 2104 IV

169 2122 256 2165 229,
266 2123 332 2215 23115,
352 2166 377 2202 9
403 2165 572 2203 calenam
598 2166 726 2202 lemma
751 2165 898 2210 Pom-ph„
924 2163 1057 2200 calena
1080 2163 1129 2210 ᾷ)
1146 2162 1197 2211 Θ
1268 2161 1319 2198 10
1340 2161 1448 2197 diues
1471 2181 1517 2189 —

172 2213 311 2251 culillis
336 2215 380 2251 ob
405 2212 555 2250 culillus
579 2214 684 2249 schol.
705 2215 740 2249 Γ
760 2223 823 2249 wrs
840 2216 936 2257 poet.
956 2207 1029 2248 434
1112 2212 1156 2246 ut
1179 2211 1216 2247 B
1316 2209 1437 2254 (schol.
1459 2210 1519 2254 Γ),

171 2264 211 2299 et
235 2260 419 2298 AExR’
521 2260 569 2296 11
599 2259 737 2296 culillis
762 2258 940 2304 (cui.illis
966 2259 1018 2305 B)
1042 2258 1091 2305 (D
1113 2257 1180 2306 ᾧ),
1211 2268 1231 2293 c
1272 2255 1389 2303 ul(l)is
1416 2258 1448 2292 Φ
1471 2256 1518 2301 ef.

173 2321 235 2346 ara
259 2312 330 2345 434
427 2308 477 2344 16
503 2307 814 2355 [ῶεΑΒΒΕ]
