1586 2514
550 81 696 118 cARM.
722 80 774 116 111
794 84 850 116 11.
872 84 927 116 ιε.
1363 79 1420 121 93

275 197 343 226 me
374 189 499 239 pater
527 181 666 225 saevis
696 186 846 224 oneret
876 179 1053 223 eatenis
1387 194 1421 220 45

273 242 392 300 quod
421 242 518 286 viro
548 241 734 285 clemens
766 240 924 284 misero
957 239 1144 306 peperci,

274 317 344 346 me
373 302 443 346 vel
472 307 686 346 extremos
719 299 1018 344 Numidarum
1051 299 1099 342 in
1130 313 1257 355 agros

328 361 462 406 classe
494 361 682 418 releget:

276 469 293 513 i
319 469 450 527 pedes
475 484 562 526 quo
588 474 631 512 te
658 468 841 525 rapiunt
866 475 910 511 et
935 483 1079 517 aurae,

272 530 381 574 dum
407 530 531 573 favet
555 529 658 572 Nox
685 534 730 572 et
754 527 915 579 Venus,
944 528 959 570 i
987 527 1174 570 secundo
1385 541 1421 568 ω

277 589 423 633 omine
452 594 496 633 et
523 588 663 633 nostri
693 603 927 632 memorem
957 586 1154 644 sepulcro

330 649 473 706 scalpe
497 646 751 706 querelam!

682 877 799 920 XII.

64 961 333 1007 Miserarum
359 969 424 1005 est
448 976 587 1019 neque
613 961 751 1005 amori
780 961 883 1005 dare
908 960 1063 1004 ludum
1089 975 1227 1017 neque
1252 959 1372 1003 dulci

115 1021 232 1066 mala
255 1021 361 1066 vino
385 1021 527 1066 lavere
552 1027 630 1065 aut
656 1020 901 1065 exanimari
927 1020 1162 1064 metuentis
1187 1025 1369 1077 patruae

117 1081 295 1126 verbera
313 1081 507 1139 linguae.

63 1188 149 1234 tibi
179 1189 362 1247 qualum
393 1188 636 1246 Cythereae
667 1204 776 1246 puer
805 1189 907 1241 ales,
953 1188 1037 1232 tibi
1069 1188 1178 1232 telas
1220 1202 1369 1245 opero-

115 1263 274 1306 saeque
304 1249 534 1293 Minervae
563 1249 762 1293 studium
793 1249 956 1301 aufert,
990 1249 1035 1292 Ν
1037 1248 1203 1301 eobule,
1236 1247 1372 1305 Lipa-
1408 1263 1426 1289 5

119 1309 210 1354 raei
234 1309 355 1354 nitor
378 1308 535 1362 Hebri,

64 1417 201 1462 simul
227 1423 381 1462 unetos
409 1417 631 1462 Tiberinis
660 1433 831 1462 umeros
859 1417 971 1462 lavit
995 1417 1044 1461 in
1072 1417 1216 1469 undis,
1245 1432 1373 1474 eques

116 1477 214 1536 ipso
255 1477 412 1522 melior
456 1477 807 1535 Bellerophonte,
864 1493 1003 1534 neque
1046 1492 1196 1535 pugno
1238 1492 1376 1535 neque

118 1537 245 1596 segni
269 1537 378 1595 pede
400 1537 557 1591 victus,
620 1600 628 1613 ι

65 1651 188 1691 oatus
212 1645 332 1690 idem
357 1661 435 1703 per
461 1651 662 1704 apertum
687 1646 908 1704 fugientis
933 1646 1103 1703 agitato
1131 1661 1263 1703 grege
1289 1660 1376 1690 oer-
1398 1661 1433 1688 ιο

117 1720 193 1775 vos
221 1706 408 1750 iaculari
438 1711 483 1749 et
512 1705 623 1750 celer
651 1712 748 1750 arto
778 1705 1031 1750 latitantem
1062 1705 1273 1750 fruticeto
1304 1721 1376 1749 ex-

120 1781 264 1823 cipere
287 1781 458 1823 aprum.

159 1932 388 1980 ῶεΑΒΕ
482 1932 666 1980 Qum>

162 2026 210 2064 4:
233 2040 288 2074 sq.
331 2030 376 2066 ob
419 2028 539 2064 classe
577 2040 650 2075 pro
692 2040 771 2066 una
814 2030 905 2065 navi
947 2029 1044 2066 Serv.
1083 2029 1175 2065 Aen.
1205 2031 1243 2073 1,
1258 2031 1314 2064 39.
1356 2030 1397 2071 6,
1415 2033 1432 2063 1

67 2076 115 2113 51
144 2087 346 2112 memorem
360 2098 405 2104 -—
419 2076 610 2122 querelam
625 2088 694 2122 per
712 2088 869 2114 morem
889 2078 1045 2122 affertur
1060 2076 1223 2113 Gramm.
1246 2077 1374 2119 V555,
1388 2079 1435 2111 19

1 2159 3 2164 ,
68 2123 118 2161 52
145 2123 272 2171 scalpe
289 2125 339 2172 Θ
418 2125 592 2170 (Bland.)
614 2125 828 2171 (Granum),
855 2125 985 2171 sculpe
1010 2137 1033 2165 ς
1059 2129 1092 2161 et
1116 2124 1247 2170 sculpo
1273 2125 1436 2161 cernitur

68 2172 110 2208 in
126 2173 333 2210 imitatione
407 2185 473 2209 rm.
494 2174 606 2220 epiyr.
621 2175 708 2217 270,
721 2175 745 2209 3
766 2176 873 2219 (saec.
889 2173 951 2219 11)
961 2188 974 2217 ;
992 2174 1036 2218 cf
1060 2173 1226 2209 Diomed.
1245 2184 1398 2219 yramm.
1416 2173 1441 2207 I

0 2263 3 2265 Α
70 2222 157 2265 378,
170 2223 215 2258 31

166 2268 232 2316 12,
252 2268 274 2305 1
301 2281 325 2305 n
328 2280 493 2315 eque—
519 2269 648 2305 lauare
673 2270 717 2307 ob
740 2270 842 2307 verbi
864 2271 1023 2316 somnam
1049 2270 1144 2308 Serv.
1173 2270 1264 2306 Aen.
1288 2272 1346 2312 10,
1362 2271 1434 2304 727

0 2307 2 2314 ’
70 2315 95 2353 8
120 2280 403 2364 beneiophonte
426 2318 481 2354 sic
503 2318 553 2366 ᾧ
569 2317 621 2366 (ξι)
719 2318 766 2354 11
794 2319 833 2354 et
856 2319 905 2366 ᾧ
921 2318 983 2367 Θ,
1008 2329 1076 2355 om.
1105 2318 1262 2355 ΑΒδλῑ
1354 2318 1435 2352 arto

68 2364 120 2414 Θ
144 2365 296 2410 Bland,
322 2365 401 2402 alto
425 2365 475 2413 Θ
