1586 2514
191 74 276 118 248
741 75 881 112 emm.
907 75 941 111 11
959 79 992 112 s.
1058 35 1062 38 ’

244 173 480 217 monstravi
513 173 764 231 incoquere3
803 174 966 218 inlutos
997 174 1211 226 Curtillus
1240 174 1426 227 echinos,

245 238 294 275 ut
321 233 475 277 melius
500 234 644 277 muria
666 233 782 290 quod
807 239 917 277 testa
941 234 1110 277 marina
1134 233 1374 278 remittat.”
1467 236 1470 238 ’

244 291 410 336 interea
436 308 644 349 suspensa
669 293 815 349 gravis
841 293 992 337 aulaea
1019 293 1166 337 ruinas

190 366 226 393 55
244 351 293 394 in
325 351 521 407 patinam
553 352 707 403 fecere,
740 352 956 396 trahentia
987 352 1177 409 pulveris
1206 352 1292 396 atri

244 416 456 466 quantum
481 426 568 455 non
589 411 758 468 Aquilo
781 411 1016 468 Campanis
1039 412 1200 455 excitat
1222 412 1353 469 agris.

245 485 321 513 nos
350 470 491 514 maius
516 470 660 522 veriti,
688 476 917 527 postquam
945 471 1058 514 nihil
1085 486 1172 514 esse
1198 470 1350 528 pericli

243 529 469 581 sensimus,
499 530 734 586 erigimur;
770 530 917 574 Rufus
942 530 1084 587 posito
1110 529 1265 587 capite,
1292 536 1341 574 ut
1365 530 1404 574 si

243 588 372 632 filius
402 589 648 632 inmaturus
676 589 847 641 obisset,
876 590 999 633 flere.
1038 589 1136 646 quis
1163 595 1270 634 esset

191 663 227 689 60
245 647 369 699 finis,
400 649 446 691 ni
473 649 644 705 sapiens
669 647 730 692 sic
758 649 1059 693 Nomentanus
1083 648 1272 693 amicum

245 707 440 751 tolleret:
478 708 602 759 “heu,
631 707 843 760 Fortuna,
873 709 970 765 quis
999 714 1062 752 est
1088 708 1302 752 crudelior
1330 709 1377 753 in
1404 723 1481 753 nos

245 772 287 809 te
316 767 455 810 deus?
492 773 541 811 ut
567 782 734 823 semper
761 768 922 824 gaudes
949 767 1144 812 inludere
1172 768 1297 812 rebus

244 825 508 869 humanis!''
550 826 710 870 Varius
741 842 898 883 mappa
930 842 1177 883 conpescere
1209 827 1345 871 risum

243 884 317 927 vix
349 891 532 941 poterat.
574 885 753 929 Balatro
779 887 1042 942 suspendens
1071 886 1217 930 omnia
1245 902 1349 930 naso

191 958 226 985 65
245 943 373 987 “haec
400 950 464 987 est
487 944 684 988 condicio
706 940 910 988 vivendi”
935 945 1092 996 aiebat,
1118 945 1278 1002 “eoque

244 1018 499 1059 responsura
529 1009 606 1047 tuo
634 1019 871 1060 numquam
899 1010 964 1047 est
990 1020 1069 1061 par
1097 1005 1218 1048 fama
1246 1004 1399 1048 labori.

244 1067 354 1113 tene,
383 1069 431 1106 ut
454 1078 534 1119 ego
555 1063 745 1119 accipiar
767 1063 896 1115 laute,
922 1064 1160 1120 torquerier
1182 1063 1299 1107 omni

242 1122 540 1165 sollicitudine
566 1122 830 1173 districtum,
857 1138 909 1166 ne
933 1122 1058 1179 panis
1084 1123 1274 1174 adustus,
1297 1128 1304 1136 ’

244 1196 297 1224 ne
320 1181 431 1224 male
453 1181 677 1225 conditum
699 1182 766 1224 ius
788 1182 1045 1238 adponatur,
1068 1188 1117 1225 ut
1138 1197 1284 1225 omnes

192 1256 226 1281 το
245 1240 481 1296 praecincti
510 1246 622 1284 recte
647 1241 771 1297 pueri
797 1241 1043 1298 comptique
1069 1240 1352 1285 ministrent?

243 1299 353 1342 adde
382 1299 457 1342 hos
482 1305 702 1356 praeterea
727 1316 862 1351 casus,
889 1301 1040 1344 aulaea
1066 1307 1195 1344 ruant
1220 1301 1271 1352 si,

245 1364 293 1401 ut
319 1359 469 1410 modo;
499 1359 537 1402 si
560 1359 758 1415 patinam
782 1360 889 1416 pede
912 1360 1056 1416 lapsus
1079 1361 1260 1416 frangat
1283 1375 1425 1416 agaso.

243 1418 315 1460 sed
348 1418 649 1470 convivatoris,
681 1419 748 1462 uti
778 1418 912 1470 ducis,
945 1418 1170 1475 ingenium
1201 1435 1267 1462 res

244 1477 443 1520 adversae
467 1477 630 1521 nudare
652 1478 792 1522 solent
815 1478 950 1522 celare
974 1478 1227 1522 secundae.''

192 1552 224 1578 75
246 1537 511 1580 Nasidienus
537 1537 592 1580 ad
618 1537 719 1581 haec
743 1537 853 1581 “tibi
879 1537 940 1590 di,
965 1554 1257 1595 quaecumque
1279 1537 1478 1598 preceris,

243 1596 467 1640 commoda
496 1596 624 1640 dent:
659 1597 724 1640 ita.
749 1597 819 1640 vir
846 1597 982 1641 bonus
1009 1613 1053 1641 es
1080 1598 1342 1654 convivaque
1368 1597 1531 1641 comis''

243 1660 286 1698 et
311 1655 448 1698 soleas
473 1656 625 1711 poscit.
661 1662 756 1700 tum
782 1656 831 1699 in
854 1656 965 1700 lecto
989 1672 1159 1714 quoque
1183 1656 1351 1700 videres

241 1714 424 1757 stridere
455 1721 615 1758 secreta
643 1715 804 1759 divisos
832 1731 935 1759 aure
963 1715 1187 1760 susurros.'

281 1818 450 1865 &2013
541 1818 672 1867 Θιφ

282 1900 332 1936 52
359 1899 499 1936 inlutos
523 1902 572 1948 (D
593 1902 645 1949 Θ
673 1903 779 1939 schol.
802 1905 844 1946 Γ,
874 1902 1011 1939 inlotos
1037 1915 1075 1946 ςς
1113 1902 1266 1948 quidam
1299 1901 1352 1938 sic
1386 1901 1532 1948 legunt:

187 1947 310 1984 inulas
336 1950 375 1984 et
399 1959 529 1984 erucas
554 1950 755 1985 monstravi
786 1950 985 1995 incoquere
1005 1950 1059 1985 ‘in
1084 1950 1178 1985 luto'
1200 1950 1239 1985 id
1266 1950 1323 1985 est
1346 1949 1383 1985 in
1411 1949 1533 1985 cinere

188 1997 231 2031 ut
256 1995 307 2031 sit
333 1995 560 2032 ‘Scurtillus'
588 2008 733 2033 nomen.
777 1997 843 2033 alii
873 1997 1041 2033 ‘inlutos’
1069 1997 1219 2033 echinos
1250 1997 1382 2043 legunt
1411 1996 1450 2032 id
1476 1999 1533 2032 est

188 2053 273 2078 cum
309 2043 390 2080 luto
428 2046 735 2088 πεπηλωμένουε,
773 2044 813 2081 id
851 2046 908 2080 est
946 2045 1115 2081 ‘inlutos’
1154 2046 1197 2080 ut
1234 2044 1284 2079 sit
1322 2043 1530 2080 ‘Curtillus’

188 2101 332 2126 nornen.
368 2092 476 2127 schol.
506 2094 540 2127 Γ
679 2091 730 2128 53
761 2092 861 2137 quod
894 2093 943 2140 Ε)
965 2093 1032 2141 Θ,
1066 2104 1139 2138 quo
1171 2092 1329 2135 Blamd„
1363 2102 1475 2137 quam
1509 2105 1531 2132 ς

187 2138 342 2185 Bentley
408 2138 578 2174 remittat
597 2142 640 2182 Φ,
665 2140 836 2175 remittas
855 2141 904 2184 E,
926 2140 1085 2176 remittit
1105 2140 1136 2177 G
1150 2144 1193 2176 ut
1210 2140 1362 2182 videtur,
1384 2139 1488 2176 Goth.
1509 2152 1531 2180 ς

188 2183 339 2221 54-56
370 2187 411 2222 ob
445 2186 579 2222 aulaea
609 2187 705 2223 Serv.
732 2188 822 2224 Aen.
850 2191 889 2231 1,
910 2190 984 2223 697
1088 2187 1139 2223 56
1165 2187 1265 2232 agris
1288 2187 1338 2234 (D
1359 2186 1425 2235 Θ,
1457 2187 1531 2222 oris

186 2233 316 2277 (Serv.)
432 2233 482 2269 59
508 2234 628 2278 deficit
653 2235 686 2278 l:
722 2235 992 2317 [{D:‹1⁵:F).]
1112 2235 1162 2270 70
1186 2235 1286 2270 recte
1309 2234 1415 2280 pueri
1443 2234 1531 2278 ΕΦ,

184 2280 291 2325 pueri
315 2282 415 2316 reete
442 2281 474 2318 0
492 2281 595 2318 Goth.
722 2281 740 2317 7
795 2282 834 2317 di
858 2283 923 2329 Q),
955 2283 1054 2319 omis.
1083 2284 1114 2318 Φ
1214 2281 1375 2327 preceris
1398 2282 1448 2329 (D
1469 2281 1531 2329 (ᾣ,

184 2328 347 2374 precaris
373 2329 413 2363 Ε
433 2329 536 2365 Goth.
559 2341 580 2369 ς
704 2329 752 2366 78
778 2330 820 2365 ob
852 2328 1009 2365 stridere
1035 2331 1151 2366 Prisc.
1173 2332 1231 2374 10,
1248 2331 1298 2366 29
1322 2340 1363 2375 p.
1383 2332 1465 2374 511,
1483 2331 1532 2365 12
