1586 2514
192 113 275 156 186
549 132 551 134 r
739 112 879 148 SERM.
905 112 922 147 I
941 116 973 147 4.

189 227 226 254 50
244 211 372 255 filius
400 227 577 255 uxorem
605 211 762 268 grandi
789 226 887 254 cum
913 210 1012 255 dote
1038 218 1216 262 recuset,

243 271 388 314 ebrius
419 276 475 323 et,
510 286 718 328 magnum
748 270 865 327 quod
896 270 1090 321 dedecus,
1123 269 1315 313 ambulet
1346 274 1445 313 ante

244 336 413 374 noctem
443 346 541 374 cum
572 329 773 374 facibus.’
812 329 1024 386 numquid
1056 329 1324 385 Pomponius
1352 327 1449 373 istis

243 389 416 433 audiret
444 390 619 442 leviora,
651 395 775 446 pater
801 389 840 433 si
868 388 1064 432 viveret?
1102 402 1205 444 ergo

245 464 332 493 non
357 449 464 493 satis
493 455 558 493 est
584 449 706 506 puris
732 464 902 493 versum
930 447 1190 506 perscribere
1216 448 1371 499 verbis,

191 525 226 552 55
245 525 373 565 quem
397 509 437 552 si
466 509 687 561 dissolvas,
714 508 858 566 quivis
884 507 1174 552 stomachetur
1201 507 1348 551 eodem

244 583 330 624 quo
358 574 611 625 personatus
640 574 766 625 pacto
794 574 928 625 pater.
968 567 1048 619 his,
1078 581 1158 623 ego
1185 581 1295 623 quae
1323 581 1449 618 nunc,

246 627 351 671 olim
379 643 492 684 quae
522 627 698 685 scripsit
729 627 940 679 Lucilius,
973 626 1132 683 eripias
1162 625 1200 669 si

244 690 435 742 tempora
448 689 560 729 certa
573 687 815 743 modosque,
827 689 867 729 et
878 686 991 742 quod
1003 689 1120 741 prius
1132 684 1277 728 ordine
1287 684 1462 727 verbum
1474 686 1536 727 est

244 747 458 803 posterius
491 747 642 799 facias,
678 762 942 804 praeponens
975 746 1131 789 ultima
1163 743 1331 802 primis,

191 821 227 849 60
246 821 345 858 non,
369 812 418 850 ut
439 806 477 850 si
499 807 637 850 solvas
658 805 900 863 ‘postquam
923 805 1153 849 Discordia
1165 809 1312 848 taetra

246 866 350 909 belli
376 866 562 909 ferratos
590 867 727 922 postis
752 872 982 922 portasque
1008 863 1222 920 refregit‚’

245 925 440 968 invenias
468 925 600 968 etiam
630 924 803 968 disiecti
830 925 1021 967 membra
1049 929 1212 980 poetae.

246 984 451 1028 hactenus
479 984 607 1027 haec:
642 984 765 1036 alias,
795 984 960 1027 iustum
988 984 1047 1027 sit
1074 997 1204 1026 necne
1231 996 1396 1038 poema.

246 1059 360 1087 nune
386 1043 498 1087 illud
527 1049 699 1088 tantum
722 1059 941 1100 quaeram,
970 1042 1181 1085 meritone
1207 1040 1290 1084 tibi
1317 1040 1375 1084 sit

192 1119 226 1145 65
243 1109 490 1159 suspectum
520 1118 657 1160 genus
688 1103 766 1146 hoc
795 1102 1023 1146 scribendiss
1073 1101 1245 1145 Sulcius
1275 1115 1369 1144 acer
1434 1103 1436 1105 ’

246 1163 442 1206 ambulat
471 1168 514 1206 et
545 1162 745 1218 Caprius,
775 1162 894 1205 rauci
924 1161 1035 1204 male
1065 1175 1247 1217 cumque
1274 1158 1448 1210 libellis,

246 1237 429 1279 magnus
456 1227 635 1278 uterque
663 1221 795 1265 timor
819 1221 1084 1273 latronibus;
1118 1225 1164 1264 at
1188 1220 1294 1263 bene
1318 1218 1455 1275 siquis

246 1287 290 1324 et
314 1281 435 1325 vivat
462 1281 585 1338 puris
612 1281 825 1332 manibus,
855 1286 1101 1324 contemnat
1128 1285 1371 1335 utrumque.

246 1346 296 1384 ut
321 1340 382 1384 sis
411 1346 460 1384 tu
488 1339 646 1385 similis
674 1339 797 1384 Caeli
826 1339 1031 1396 Birrique
1059 1339 1291 1390 latronum,

195 1416 229 1442 το
248 1415 335 1443 non
360 1415 440 1457 ego
467 1400 552 1444 sim
579 1399 713 1456 Capri
739 1415 877 1456 neque
905 1398 1050 1443 Sulci:
1084 1414 1159 1442 cur
1185 1403 1351 1442 metuas
1376 1397 1478 1441 me?

248 1459 369 1503 nulla
402 1459 580 1504 taberna
614 1474 728 1503 meos
761 1458 917 1502 habeat
948 1473 1085 1514 neque
1117 1457 1208 1514 pila
1239 1456 1424 1507 libellos,

244 1518 344 1575 quis
368 1534 520 1562 manus
545 1518 719 1562 insudet
739 1516 859 1573 volgi
883 1516 1255 1573 Hermogenisque
1280 1515 1457 1572 Tigelli,

248 1593 323 1621 nec
350 1578 484 1621 recito
512 1577 716 1633 cuiquam
742 1577 827 1621 nisi
856 1576 1007 1621 amicis
1034 1576 1166 1633 idque
1192 1581 1374 1626 coactus,

248 1652 334 1680 non
362 1637 504 1680 ubivis
534 1651 727 1680 coramve
754 1635 1034 1692 quibuslibet.
1081 1636 1128 1678 in
1155 1634 1298 1680 medio
1324 1633 1401 1691 qui

197 1712 229 1739 '75
246 1696 409 1752 scripta
436 1697 533 1741 foro
563 1696 757 1746 recitent,
786 1701 887 1739 sunt
914 1694 1044 1739 multi
1070 1694 1231 1751 quique
1255 1693 1472 1738 lavantes:

245 1771 374 1810 suave
402 1756 519 1799 locus
549 1754 643 1798 voci
671 1760 842 1797 resonat
867 1753 1104 1798 conclusus.
1149 1752 1295 1796 inanis
1387 1774 1389 1776 >

248 1815 326 1857 hoc
352 1814 487 1866 iuvat,
519 1813 634 1858 haud
662 1812 773 1856 illud
800 1812 1060 1869 quaerentis,
1089 1828 1194 1856 num
1220 1811 1312 1855 sine
1339 1826 1478 1863 sensu,

249 1879 440 1930 tempore
469 1889 575 1917 num
604 1872 772 1916 faciant
797 1872 953 1915 alieno.
1002 1871 1182 1915 ‘laedere
1209 1869 1400 1928 gaudes?

246 1933 409 1989 inquit,
442 1932 499 1976 ‘et
532 1933 609 1977 hoc
638 1931 783 1976 studio
815 1944 968 1987 pravos
1002 1930 1140 1974 facis!
1181 1929 1294 1974 unde
1326 1928 1514 1985 petitum

287 2014 558 2061 &aDEK
651 2011 828 2060 532ss4⁵

289 2085 339 2120 50
366 2084 498 2120 orandi
520 2085 578 2131 Q,
603 2083 781 2130 grandem
806 2082 856 2130 Q
952 2082 1001 2117 52
1025 2080 1209 2128 numquid
1233 2082 1281 2128 Q
1296 2085 1358 2124 ᾧ,
1383 2081 1538 2125 numqui

201 2134 233 2168 E
240 2141 260 2168 ς’
356 2114 405 2167 54
430 2131 534 2178 puris
559 2132 606 2178 Q
630 2132 763 2174 Porph.
796 2131 837 2174 (i.
863 2130 968 2166 schol.
999 2132 1033 2164 Γ
1042 2128 1112 2176 V),
1138 2128 1261 2174 pueris
1290 2132 1332 2171 ὦ
1413 2127 1538 2163 uerbis

194 2182 241 2227 Q
258 2180 308 2228 Q
333 2180 466 2225 Porph.
495 2181 535 2222 (i.
554 2180 660 2215 schol.
683 2179 791 2221 TV),
817 2177 970 2212 uerbum
998 2179 1028 2212 Φ
1124 2177 1174 2213 58
1199 2175 1355 2211 uerbum
1372 2176 1432 2222 Q,
1456 2187 1538 2211 uer-

195 2240 276 2263 sum
294 2227 344 2275 Q
415 2227 465 2262 62
492 2226 639 2262 disiecti
659 2227 706 2273 Q
723 2226 784 2273 Q,
810 2225 987 2269 discerpti
1007 2226 1135 2261 lemma
1155 2223 1318 2269 ‘Pomhst
1394 2223 1444 2258 65
1465 2222 1536 2257 sul-

195 2276 273 2311 cius
298 2279 331 2311 et
358 2275 407 2310 70
432 2273 525 2309 sulci
550 2275 678 2317 aDE,
710 2273 852 2319 sulgius
883 2276 916 2308 et
945 2271 1043 2319 sulgi
1070 2272 1165 2320 KQ
1259 2270 1310 2306 69
1337 2269 1390 2305 Vt
1411 2271 1460 2317 Q
1476 2270 1537 2317 Q,

195 2323 243 2358 Et
279 2322 402 2366 D¹(?)
418 2333 456 2363 ς,
494 2322 570 2357 Aut
602 2323 738 2358 Vahlen
842 2319 891 2355 70
928 2319 997 2354 sim
1033 2319 1164 2367 QQ,
1202 2330 1282 2352 sum
1308 2329 1330 2358 ς
1367 2318 1535 2364 (Porph.)

198 2370 244 2406 73
270 2370 348 2406 Nec
371 2370 419 2416 Q
436 2369 496 2417 Q,
522 2369 606 2405 Non
634 2371 664 2406 Φ
742 2369 789 2405 79
815 2367 940 2413 Inquit
963 2367 1022 2413 Q,
1046 2367 1172 2412 Inquis
1196 2365 1247 2413 Q
