1586 2514
180 95 264 139 148
730 98 869 135 EPOD.
895 103 928 135 4.
950 105 981 135 5.

792 197 910 240 IIII.

338 271 479 329 Lupis
503 279 548 317 et
572 274 698 331 agnis
722 281 886 331 quanta
913 275 1068 318 sortito
1093 275 1269 332 obtigit,

392 338 534 376 tecum
562 333 672 376 mihi
700 333 922 377 discordia
944 341 1021 385 est,

338 390 562 436 Hibericis
591 398 763 449 peruste
792 393 975 436 funibus
1004 393 1119 437 latus

412 457 455 494 et
478 466 603 494 crura
626 452 735 495 dura
759 452 974 508 compede.

192 524 213 549 ε»
337 509 441 553 licet
466 510 677 566 superbus
706 511 899 554 ambules
928 512 1124 568 pecunia,

391 569 573 613 fortuna
601 585 687 613 non
717 576 860 613 mutat
887 586 1037 627 genus.

336 627 526 680 videsne,
551 644 715 672 sacram
739 629 945 673 metiente
969 636 1010 673 te
1034 630 1150 673 viam

390 703 489 731 cum
518 688 583 731 bis
612 689 748 731 trium
778 689 978 732 ulnarum
1008 695 1125 746 toga,

338 752 387 790 ut
415 762 490 791 ora
518 753 657 790 vertat
686 748 768 791 huc
797 754 840 791 et
868 748 949 791 huc
979 749 1178 792 euntium

177 820 213 847 io
391 806 617 850 liberrima
643 806 927 864 indignatio?

338 864 490 909 ‘sectus
517 866 713 923 flagellis
741 867 810 909 hic
838 867 1186 911 triumviralibus

390 925 614 981 praeconis
640 926 694 968 ad
722 925 955 969 fastidium

337 990 433 1027 arat
459 984 640 1027 Falerni
669 985 790 1028 mille
818 985 950 1028 fundi
978 986 1131 1042 iugera

391 1049 434 1086 et
464 1043 662 1100 Appiam
693 1044 864 1087 mannis
897 1045 1000 1087 terit

178 1117 212 1144 15
335 1102 632 1159 sedilibusque
664 1118 849 1159 magnus
880 1104 927 1146 in
959 1103 1116 1159 primis
1147 1119 1274 1161 eques

390 1161 562 1204 Othone
589 1169 836 1218 contempto
863 1162 993 1206 sedet.

336 1221 444 1277 quid
474 1222 635 1264 attinet
666 1228 731 1264 tot
761 1237 835 1264 ora
866 1222 1052 1265 navium
1073 1223 1197 1279 gravi

389 1286 576 1324 rostrata
599 1280 700 1324 duci
726 1281 914 1337 pondere

336 1347 486 1383 contra
512 1340 700 1384 latrones
727 1346 857 1396 atque
884 1340 1083 1383 servilem
1111 1356 1286 1385 manum

176 1413 212 1440 20
391 1399 482 1450 hoc,
510 1399 588 1442 hoc
614 1399 792 1442 tribuno
818 1399 1014 1443 militum
1030 1399 1064 1440 ?’

825 1541 877 1584 V.

339 1617 419 1661 ‘At
443 1632 469 1662 o
494 1617 673 1662 deorum
697 1618 915 1674 quidquid
941 1619 990 1662 in
1014 1619 1131 1662 caelo
1156 1619 1272 1676 regit

392 1684 527 1721 terras
554 1683 598 1720 et
627 1677 865 1721 humanum
894 1693 1044 1734 genus,

337 1737 446 1793 quid
473 1736 554 1789 iste
581 1737 671 1779 fert
690 1737 911 1779 'tumultus
937 1743 1014 1780 aut
1038 1737 1146 1793 quid
1173 1737 1370 1782 omnium

391 1795 533 1839 voltus
558 1795 607 1838 in
633 1811 767 1839 unum
793 1811 861 1838 me
888 1797 1063 1839 truces?

271 1888 489 1935 &zABG
578 1887 755 1936 ΘεΒΦ

273 1970 313 2016 4,
336 1971 354 2006 1
384 1971 634 2018 [Q32ABG]
779 1970 803 2005 4
829 1971 1008 2016 compede
1032 1972 1077 2015 cf.
1106 1971 1252 2007 medon.
1276 1973 1453 2010 laudatus
1476 1974 1528 2010 ad

177 2031 278 2056 carm
316 2023 349 2060 4,
366 2023 420 2062 11,
433 2022 481 2054 24
589 2017 613 2053 8
640 2018 752 2053 trium
779 2019 910 2061 Barth,
936 2023 992 2053 ter
1015 2019 1064 2066 ῤ)
1080 2018 1131 2066 Θ
1155 2019 1289 2064 Ρ.ινμ1ι.
1388 2021 1434 2057 17
1461 2031 1527 2057 ora

177 2066 299 2115 φῶ,
325 2077 413 2101 aera
439 2066 603 2112 Bentley,
628 2071 667 2102 at
693 2066 735 2110 cf
767 2066 920 2102 ammius
945 2067 1066 2102 Rhein
1107 2068 1204 2103 Mus.
1224 2070 1282 2110 44,
1295 2070 1365 2104 451

275 2114 314 2160 5,
338 2114 374 2150 1.
402 2113 424 2148 2
451 2118 597 2159 praeter
624 2114 784 2149 metricos
808 2115 900 2150 dant
924 2118 1069 2159 pro=ter
1094 2118 1133 2149 at
1158 2114 1244 2151 Serv
1282 2116 1372 2151 Aen,
1394 2118 1428 2160 7,
1441 2118 1525 2152 363.

178 2162 278 2199 Don.
311 2162 386 2198 Ter.
420 2162 536 2197 Andr.
564 2164 636 2197 666
672 2162 788 2197 Prasc.
816 2164 879 2204 17,
900 2164 962 2196 171
993 2173 1028 2207 p.
1057 2165 1212 2204 196,12,
1249 2163 1330 2199 item
1373 2163 1386 2198 1
1428 2162 1525 2200 Serv.

179 2210 272 2246 Aen.
298 2213 334 2252 9,
352 2212 439 2251 142;
457 2209 502 2252 ct'.
532 2209 674 2245 Cledon.
700 2220 723 2255 9
745 2221 849 2244 amm.
881 2210 909 2244 V
934 2212 1029 2252 74‚8
1063 2211 1110 2244 At
1135 2220 1156 2245 o
1183 2210 1333 2245 deorum
1358 2210 1528 2256 Iuppiter

181 2257 200 2292 1
230 2257 328 2302 regit
351 2257 399 2304 Θ
415 2256 466 2304 Θ
497 2257 628 2302 Por-ph.
656 2256 769 2299 (Serv.
797 2258 862 2300 bis,
889 2257 1005 2300 Don„
1037 2257 1153 2293 Prisc.
1183 2258 1303 2293 Diom.
1326 2270 1477 2305 gramm.
1505 2259 1533 2294 I

180 2307 266 2347 5:28,
283 2308 339 2347 19,
364 2310 403 2340 at
428 2304 550 2339 saeuit
573 2302 669 2340 Serv.
695 2315 844 2351 qramm.
876 2305 929 2340 Vl
950 2307 1124 2348 471‚24)‚
1148 2305 1246 2351 regis
1275 2307 1305 2340 Φ
1409 2306 1433 2340 3
1459 2308 1528 2341 aut

125 2351 376 2400 ’ΘιθϊΘ
