1586 2514
185 91 273 136 200
743 95 883 133 SERM.
898 61 926 131 Ἰ
950 99 983 132 8.

241 191 324 234 hue
354 193 476 248 prius
509 194 709 249 angustis
738 194 873 238 eiecta
903 195 1108 239 cadavera
1139 196 1258 240 cellis

239 266 460 295 conservos
487 251 567 295 vili
597 253 811 309 portanda
837 253 1008 298 locabat
1033 255 1081 298 in
1108 271 1229 309 area;

187 325 221 351 10
240 310 317 353 hoc
340 310 521 354 miserae
542 311 660 367 plebi
682 312 825 356 stabat
846 328 1070 356 commune
1090 314 1348 371 sepulcrum,

240 369 482 413 Pantolabo
510 385 681 413 scurrae
712 371 1072 428 Nomentanoque
1098 373 1261 429 nepoti.

239 427 360 470 mille
387 428 515 484 pedes
545 429 594 472 in
620 429 779 481 fronte,
810 435 1020 474 trecentos
1047 432 1200 488 cippus
1226 432 1283 485 in·
1301 449 1455 490 agrum

240 486 310 529 hic
340 486 485 538 dabat,
518 487 692 531 heredes
722 496 1050 533 monumentum
1079 506 1133 534 ne
1162 499 1420 548 sequeretur.
1458 545 1461 547 ,

239 560 352 588 nunc
382 546 485 589 licet
519 547 732 602 Esquiliis
762 547 960 591 habitare
988 549 1234 594 salubribus
1263 557 1394 608 atque

188 620 221 646 15
239 620 397 661 aggere
429 605 478 648 in
511 606 658 662 aprico
687 607 884 663 spatiari,
917 623 1003 664 qua
1035 609 1163 652 modo
1195 610 1340 654 tristes

239 663 349 707 albis
380 664 617 709 informem
649 666 900 722 spectabant
930 667 1096 711 ossibus
1125 684 1304 726 agrum;

239 739 337 766 cum
364 724 474 766 mihi
505 739 591 768 non
618 730 790 769 tantum
817 726 1022 784 furesque
1047 728 1251 785 seraeque
1277 735 1422 773 suetae

240 782 352 825 hunc
378 799 531 826 vexare
556 783 699 828 locum
724 801 849 828 curae
876 792 978 829 sunt
1002 787 1296 843 atquelabori

238 846 449 895 quantum
478 842 743 885 carminibus
769 858 880 899 quae
907 850 1078 887 versant
1106 850 1235 901 atque
1263 847 1437 890 venenis

184 915 221 942 ιο
240 900 449 944 humanos
479 902 660 945 animos.
703 903 779 946 has
808 905 930 947 nullo
959 905 1137 961 perdere
1166 921 1340 962 possum

239 975 314 1003 nec
339 960 567 1016 prohibere
594 962 735 1014 modo,
760 963 893 1006 simul
916 978 965 1006 ac
988 979 1100 1020 vaga
1123 964 1250 1009 Luna
1273 965 1473 1010 decorum

236 1017 422 1072 protulit
452 1033 511 1069 os,
543 1020 652 1075 quin
682 1035 775 1063 ossa
806 1020 955 1076 legant
985 1021 1221 1078 herbasque
1252 1024 1457 1068 nocentis.

236 1077 329 1120 vidi
361 1085 532 1135 egomet
563 1080 691 1136 nigra
719 1081 981 1125 succinctam
1011 1083 1164 1126 vadere
1194 1083 1306 1140 pallo

238 1137 471 1180 Canidiam
497 1138 680 1195 pedibus
707 1140 835 1183 nudis
861 1155 1068 1197 passoque
1094 1142 1266 1198 capillo,

186 1210 221 1237 25
239 1211 338 1238 cum
366 1196 540 1252 Sagana
568 1198 730 1241 maiore
757 1199 1021 1242 ululantem:
1054 1201 1194 1256 pallor
1220 1208 1422 1259 utrasque

240 1255 403 1298 fecerat
436 1256 668 1300 horrendas
701 1257 918 1313 adspectu.
961 1259 1148 1316 scalpere
1179 1266 1339 1304 terram

239 1314 458 1370 unguibus
484 1321 527 1358 et
553 1316 718 1372 pullam
743 1317 946 1361 divellere
971 1318 1188 1362 mordicus
1212 1325 1369 1376 agnam

237 1380 492 1429 coeperunt;
528 1390 653 1418 cruor
681 1376 728 1418 in
754 1377 916 1419 fossam
941 1378 1161 1430 confusus,
1189 1385 1240 1422 ut
1265 1379 1366 1423 indc

238 1432 378 1475 manis
403 1433 607 1476 elicerent
633 1435 799 1478 animas
824 1451 1023 1492 responsa
1047 1436 1237 1481 daturas.

184 1504 220 1532 30
238 1491 363 1534 lanea
390 1497 434 1535 et
463 1492 645 1549 effigies
673 1500 778 1545 erat,
808 1494 944 1538 altera
972 1511 1115 1539 cerea:
1150 1498 1289 1541 maior

236 1550 373 1602 lanea,
405 1566 516 1607 quae
548 1553 697 1608 poenis
729 1561 997 1610 conpesceret
1027 1555 1304 1610 inferiorem3

237 1625 356 1653 cerea
382 1611 639 1667 suppliciter
667 1612 823 1664 stabat,
851 1613 1078 1658 servilibus
1105 1620 1155 1659 ut
1179 1631 1289 1673 quae

236 1669 325 1712 iam
349 1670 545 1725 peritura
573 1671 724 1714 modis.
762 1671 957 1716 Hecaten
980 1680 1104 1717 vocat
1127 1674 1276 1728 altera,
1302 1691 1470 1720 saevam

238 1728 374 1771 altera
401 1729 699 1785 Tesiphonen:
734 1738 950 1787 serpentes
973 1738 1102 1789 atque
1127 1734 1292 1778 videres

183 1802 218 1828 35
237 1787 433 1830 infernas
458 1803 598 1832 errare
624 1805 747 1833 canes
771 1790 1027 1848 Lunamque
1051 1793 1290 1840 rubentem,

275 1879 547 1926 <9:11an
641 1880 821 1929 &aas

277 1962 301 1997 9
326 1961 396 1996 uih'
419 1962 550 2010 QQ,
584 1963 673 1999 uilis
698 1964 798 2000 Kw
882 1965 928 2001 11
955 1976 1096 2003 versum
1119 1969 1247 2014 repetit
1269 1970 1346 2015 ipsc
1369 1980 1470 2006 mm.
1489 1972 1526 2014 2,

182 2012 217 2052 1,
235 2011 286 2044 22
357 2009 406 2044 12
432 2009 563 2055 cippus
586 2011 635 2058 Q
651 2010 712 2094 Θ,
738 2011 861 2057 ciprus
888 2015 919 2048 Φ
1002 2013 1051 2049 13
1076 2017 1291 2060 sequeretur
1312 2016 1362 2064 Q
1377 2016 1443 2065 Q,
1469 2027 1525 2053 ue·

182 2058 384 2101 querentur
418 2058 496 2093 ΚΦ
642 2058 662 2094 1

184 2099 420 2150 17'feraeque
434 2106 560 2141 suetae
574 2106 617 2142 ob
631 2106 759 2142 suetae
771 2108 934 2144 Consent.
947 2121 1096 2155 gramm.
1113 2110 1297 2155 V4oo,23
1369 2110 1419 2148 18
1437 2113 1525 2148 nunt

181 2151 230 2198 Q
246 2151 306 2199 Q,
333 2151 409 2188 sint
432 2153 502 2192 D5
575 2152 625 2189 19
650 2156 800 2190 versant
824 2156 918 2201 (-ent
943 2156 1012 2201 K1)
1036 2156 1086 2204 Q
1101 2157 1161 2205 Θ,
1187 2156 1227 2193 in
1251 2157 1338 2195 aliis
1357 2158 1521 2196 ‘vexant’

182 2198 266 2242 lego
291 2200 398 2235 schol.
417 2202 453 2235 Γ
515 2199 569 2235 20
591 2201 747 2246 perdere
764 2202 813 2249 Q
829 2202 890 2268 Θ,
914 2203 1053 2249 pellere
1071 2204 1251 2242 Heinsius
1320 2205 1372 2242 29
1395 2206 1523 2243 manes

181 2245 230 2293 Q
246 2245 297 2294 Q
321 2248 467 2293 Porph„
492 2247 663 2284 manibus
689 2249 816 2286 lemma
858 2251 1008 2297 Porph'
1106 2251 1283 2289 elicerent
1305 2253 1354 2301 Q
1369 2253 1430 2302 Q,
1455 2253 1523 2290 eli-

182 2295 265 2328 rent
290 2295 387 2339 (-ant
405 2294 474 2340 K1)
501 2296 544 2331 K
547 2295 559 2316 ¹
580 2296 683 2332 Goth.
756 2296 808 2333 80
828 2318 871 2324 —
886 2308 993 2334 cerea
1017 2300 1160 2344 (omisso
1183 2301 1236 2346 et)
1259 2301 1303 2337 ob
1327 2312 1402 2338 rem
1425 2301 1520 2339 Sem.

183 2346 278 2378 auct.
300 2343 391 2378 Aen.
412 2346 446 2387 4,
466 2345 538 2378 508
610 2342 660 2379 84
685 2344 912 2390 tisiphonem
935 2346 983 2393 Q
1000 2346 1050 2390 R,
1073 2348 1147 2383 tes·
1173 2349 1205 2383 Φ

723 2070 798 2104 qua
830 2061 1002 2108 Bentley,
1040 2073 1112 2107 quo
1145 2063 1195 2110 Q
1216 2062 1283 2111 Q,
1314 2063 1380 2110 qui
1412 2064 1525 2112 Apitz
