1586 2514
610 93 758 130 EPIST.
785 94 801 129 1
827 98 859 130 6.
1335 93 1418 136 261

63 196 226 242 imbuti
257 202 478 254 spectent:
513 196 622 254 quid
651 211 794 240 censes
824 211 1004 239 munera
1033 201 1184 248 terrae,

62 256 171 314 quid
199 257 334 300 maris
359 262 575 301 extremas
599 255 772 300 Arabas
796 255 984 300 ditantis
1009 262 1052 300 et
1079 256 1211 299 Indos

62 316 248 369 ludicra,
282 316 392 374 quid
424 316 603 374 plausus
634 321 679 360 et
710 315 842 360 amici
874 316 989 359 dona
1021 315 1225 372 Quiritis,

61 391 150 433 quo
177 376 415 433 spectanda
443 374 586 428 modo,
614 391 701 433 quo
729 390 857 419 sensu
885 375 1025 419 eredis
1053 381 1097 419 et
1125 391 1196 419 ore
1212 377 1231 416 ?

61 435 140 492 qui
171 435 301 479 timet
329 436 398 480 his
424 435 618 488 adversa,
647 435 741 479 fere
769 436 957 479 miratur
986 436 1148 489 eodem,

61 510 149 553 quo
178 495 372 552 cupiens,
401 501 552 554 paoto;
587 510 722 553 pavor
749 502 815 539 est
842 495 1078 553 utrubique
1106 496 1325 546 molestus,
1386 511 1419 537 ιο

61 555 286 613 inprovisa
314 555 448 600 simul
473 555 636 613 speeies
662 554 889 599 exterruit.
928 561 1076 599 utrum

61 614 252 673 gaudeat
280 631 337 659 an
361 615 522 668 doleat,
548 614 700 672 cupiat
724 621 960 668 metuatne,
988 615 1096 672 quid
1122 615 1177 659 ad
1204 631 1309 667 rem,

60 674 114 728 si,
139 674 359 732 quidquid
382 674 497 719 vidit
518 674 676 720 melius
697 675 874 732 peiusve
896 690 974 719 sua
996 691 1084 733 spe,

61 734 228 779 defixis
257 735 394 780 oeulis
419 735 652 793 animoque
677 741 722 779 et
746 750 923 793 corpore
949 737 1127 793 torpet?

61 795 206 839 insani
235 795 408 852 sapiens
432 810 591 840 nomen
615 796 747 848 ferat,
774 810 934 852 aequos
959 795 1118 853 iniqui,
1385 812 1419 838 15

63 855 180 899 ultra
211 870 344 912 quam
375 855 483 900 satis
512 861 577 899 est
606 855 818 899 virtutem
848 855 886 899 si
917 861 1040 912 petat
1070 856 1225 913 ipsam.

60 915 76 957 i
102 930 231 967 nune,
255 921 487 973 argentum
508 921 554 960 et
574 930 766 959 marmor
786 921 909 959 vetus
930 931 1115 972 aeraque
1137 922 1181 959 et
1203 916 1312 959 artis

59 975 244 1032 suspice,
278 991 378 1019 eum
407 975 594 1033 gemmis
625 975 785 1032 Tyrios
817 975 976 1019 mirare
1004 976 1191 1029 colores3

61 1034 205 1091 gaude
228 1034 346 1092 quod
371 1040 567 1092 spectant
592 1035 708 1079 oeuli
736 1041 779 1079 te
804 1035 927 1079 mille
952 1035 1225 1093 loquentem;

61 1109 192 1138 navos
217 1110 344 1139 mane
366 1095 515 1140 forum
537 1100 582 1138 et
603 1095 877 1152 vespertinus
899 1101 997 1153 pete
1020 1102 1198 1148 tectum,
1383 1111 1419 1137 ρο

59 1169 114 1197 ne
141 1153 242 1211 plus
270 1155 485 1199 frumenti
515 1155 738 1199 dotalibus
764 1161 927 1199 emetat
956 1152 1075 1212 agris
1252 1170 1264 1195 ι

60 1214 219 1258 Mutus
245 1220 290 1258 et
318 1213 588 1284 (indignum,
613 1214 731 1272 quod
756 1215 816 1259 sit
839 1215 1064 1272 peioribus
1089 1215 1232 1271 ortus)

60 1273 131 1317 hie
160 1274 246 1318 tibi
271 1274 332 1318 sit
357 1274 505 1332 potius
530 1290 663 1332 quam
691 1281 740 1319 tu
768 1274 987 1319 mirabilis
1013 1275 1097 1319 illi.

59 1333 279 1391 quidquid
309 1334 390 1378 sub
417 1339 533 1379 terra
560 1340 639 1387 est,
669 1334 718 1379 in
745 1335 943 1392 apricum
971 1336 1167 1393 proferet
1196 1342 1327 1388 aetas,

59 1393 260 1437 defodiet
291 1393 531 1452 condetque
561 1394 763 1438 nitentia.
806 1410 905 1439 oum
937 1395 1044 1439 bene
1074 1402 1228 1439 notum
1383 1411 1419 1439 25

59 1453 255 1522 porticus
286 1453 531 1512 Agrippae,
561 1454 634 1498 via
664 1460 707 1499 te
739 1456 1012 1513 conspexerit
1042 1455 1182 1514 Appi,

59 1513 125 1557 ire
153 1518 302 1558 tamen
326 1518 476 1568 restat,
502 1513 653 1559 Numa
679 1528 768 1573 quo
792 1514 969 1560 devenit
994 1521 1038 1559 et
1064 1516 1229 1560 Ancus.

58 1573 96 1618 si
127 1573 244 1619 latus
270 1579 351 1620 aut
375 1589 500 1620 renes
525 1574 678 1620 morbo
705 1580 980 1646 temptantur
1006 1582 1149 1630 acuto,

58 1649 218 1692 quaere
246 1634 405 1692 fugam
431 1633 588 1680 morbi.
625 1635 693 1680 vis
720 1641 834 1680 reete
859 1635 1005 1681 vivere
1035 1634 1155 1695 (quis
1182 1652 1270 1682 non
1287 1637 1355 1694 ?):

59 1694 97 1739 si
127 1694 270 1739 virtus
299 1694 380 1740 hoo
410 1710 498 1741 una
527 1701 675 1764 potest
704 1696 821 1749 dare,
854 1696 987 1742 fortis
1017 1697 1191 1742 omissis
1381 1714 1417 1741 30

58 1755 138 1799 hoe
163 1770 245 1813 age
268 1755 453 1800 deliciis.
494 1756 706 1801 virtutem
730 1757 861 1801 verba
884 1762 1014 1814 putas
1038 1763 1082 1802 et

150 1837 218 1885 Q.
232 1836 382 1874 aA’E
471 1836 546 1886 Θ.
561 1838 656 1875 ΒΦ

151 1897 194 1944 6,
213 1896 239 1932 6
264 1896 400 1933 arabas
422 1897 473 1947 Q
494 1897 562 1954 Θ,
588 1897 721 1935 arabes
749 1899 832 1935 Fu
926 1899 945 1936 7
973 1898 1132 1943 Quiritis
1157 1900 1200 1945 cf
1231 1901 1283 1937 ad
1306 1913 1418 1939 carm.

53 1948 91 1990 2,
111 1948 147 1989 7,
166 1948 190 1982 3
263 1943 315 1982 10
338 1946 384 1983 ob
406 1945 607 1992 utrobique
626 1958 725 1984 exem
752 1947 790 1984 la
811 1947 926 1984 Vatia.
938 1950 1013 1984 209
1073 1949 1229 1995 utrubiq
1230 1960 1278 1985 ue
1296 1950 1418 1998 QQ,

53 1992 256 2040 utrobique
280 1995 347 2030 αΦ
371 1994 546 2040 (mand.)
573 1996 715 2043 (exemp
729 2007 755 2032 a
781 1995 896 2032 Vatia.
897 1998 914 2039 )
1008 1996 1056 2033 11
1084 1997 1268 2034 exterruit
1290 2001 1419 2034 utrum

51 2044 138 2088 (que
163 2042 232 2079 del.
254 2041 322 2088 21²)
345 2042 406 2090 Q,
429 2043 594 2080 exterret
618 2043 683 2089 (-it
687 2006 752 2089 R)
775 2045 978 2090 utrumque
1047 2047 1258 2090 ,externat
1274 2047 1418 2082 utrum-

53 2101 126 2136 que
151 2090 286 2127 Jacobs
377 2089 427 2127 1⁸
451 2089 607 2137 peiusue
631 2091 833 2176 QQpe
786 2091 942 2138 peiusne
967 2093 1005 2130 R
1128 2093 1178 2130 16
1203 2096 1313 2141 petat
1337 2096 1418 2142 (pe-

53 2139 134 2174 teat
160 2137 228 2184 21¹)
251 2138 302 2186 Q
317 2137 386 2187 Θ,
409 2139 516 2186 petet
538 2150 594 2179 ας
741 2139 765 2176 8
792 2139 948 2187 Suspice
972 2141 1054 2190 aQ
1002 2141 1229 2190 QPorph„
1261 2141 1417 2189 Suscipe

54 2185 235 2223 A’Ezln
351 2150 436 2223 11)Ρ
426 2198 470 2234 sp
472 2188 602 2224 eetaut
624 2187 674 2236 Q
690 2187 758 2237 Θ,
784 2200 828 2234 sp
831 2152 957 2225 ecptent
982 2190 1022 2225 Ε
1130 2189 1179 2226 21
1207 2190 1251 2227 ob
1276 2192 1419 2227 emetat

53 2234 187 2272 Micon
206 2237 279 2271 149
351 2233 403 2271 22
427 2235 508 2271 indi
563 2247 627 2271 um
764 2236 927 2284 ‚indign
929 2249 973 2273 us
994 2238 1033 2273 E
1105 2237 1155 2275 24
1175 2238 1348 2311 proferet
1366 2240 1419 2284 E,

51 2282 220 2330 proferat
244 2283 331 2319 aA'
335 2282 388 2368 Θ
560 2284 626 2320 uia
774 2286 850 2329 ‚et
873 2285 937 2321 uia
964 2286 1080 2324 Fue
1177 2286 1227 2324 8
1246 2304 1292 2317 =
1310 2298 1415 2324 serm.

51 2333 238 2376 2,3,163
371 2331 391 2367 l
418 2333 532 2378 pub·

52 2381 92 2415 et·
114 2378 250 2428 ΘΕῙ)
274 2379 318 2416 Πῧ
343 2391 365 2420 ς
389 2391 436 2417 ex
418 2332 623 2418 pecholq'
621 2332 740 2416 φά)
714 2335 825 2379 putes
852 2333 907 2369 Α,
931 2346 956 2370 ‘²
980 2346 1096 2371 manu
1115 2336 1244 2382 prima
1269 2340 1301 2372 et
1327 2336 1368 2372 δί
