<?xml version="1.0" encoding="UTF-8"?>
<!DOCTYPE html PUBLIC "-//W3C//DTD XHTML 1.0 Transitional//EN"
    "http://www.w3.org/TR/xhtml1/DTD/xhtml1-transitional.dtd">
<html xmlns="http://www.w3.org/1999/xhtml" xml:lang="en" lang="en">
 <head>
  <title>
</title>
<meta http-equiv="Content-Type" content="text/html;charset=utf-8" />
  <meta name='ocr-system' content='tesseract 3.04.00' />
  <meta name='ocr-capabilities' content='ocr_page ocr_carea ocr_par ocr_line ocrx_word'/>
</head>
<body>
  <div class='ocr_page' id='page_1' title='image "./carminah00horauoft_0135.png"; bbox 0 0 1586 2514; ppageno 0'>
   <div class='ocr_carea' id='block_1_1' title="bbox 578 91 1422 134">
    <p class='ocr_par' dir='ltr' id='par_1_1' title="bbox 578 91 1422 134">
     <span class='ocr_line' id='line_1_1' title="bbox 578 91 1422 134; baseline -0.007 -3"><span class='ocrx_word' id='word_1_1' title='bbox 578 93 723 131; x_wconf 77' lang='lat' dir='ltr'>CARM.</span> <span class='ocrx_word' id='word_1_2' title='bbox 749 92 818 128; x_wconf 90' lang='lat'>1111</span> <span class='ocrx_word' id='word_1_3' title='bbox 836 97 869 129; x_wconf 76' lang='lat'><strong>4.</strong></span> <span class='ocrx_word' id='word_1_4' title='bbox 891 97 922 127; x_wconf 88' lang='lat'><strong>5.</strong></span> <span class='ocrx_word' id='word_1_5' title='bbox 1338 91 1422 134; x_wconf 81' lang='lat'><strong>123</strong></span> 
     </span>
    </p>
   </div>
   <div class='ocr_carea' id='block_1_2' title="bbox 225 191 1423 428">
    <p class='ocr_par' dir='ltr' id='par_1_2' title="bbox 225 191 1423 428">
     <span class='ocr_line' id='line_1_2' title="bbox 227 191 1034 252; baseline -0.007 -13"><span class='ocrx_word' id='word_1_6' title='bbox 227 195 500 252; x_wconf 80' lang='lat' dir='ltr'><strong>Karthagini</strong></span> <span class='ocrx_word' id='word_1_7' title='bbox 525 195 615 239; x_wconf 86' lang='lat' dir='ltr'><strong>iam</strong></span> <span class='ocrx_word' id='word_1_8' title='bbox 637 209 725 238; x_wconf 92' lang='lat' dir='ltr'><strong>non</strong></span> <span class='ocrx_word' id='word_1_9' title='bbox 749 207 830 249; x_wconf 87' lang='lat' dir='ltr'><strong>ego</strong></span> <span class='ocrx_word' id='word_1_10' title='bbox 854 191 1034 235; x_wconf 90' lang='lat' dir='ltr'><strong>nuntios</strong></span> 
     </span>
     <span class='ocr_line' id='line_1_3' title="bbox 225 250 1423 312; baseline -0.008 -12"><span class='ocrx_word' id='word_1_11' title='bbox 225 255 402 299; x_wconf 75' lang='lat' dir='ltr'><strong>mittam</strong></span> <span class='ocrx_word' id='word_1_12' title='bbox 431 254 664 312; x_wconf 87' lang='lat' dir='ltr'><strong>superbos:</strong></span> <span class='ocrx_word' id='word_1_13' title='bbox 701 252 875 304; x_wconf 90' lang='lat' dir='ltr'><strong>occidit,</strong></span> <span class='ocrx_word' id='word_1_14' title='bbox 908 250 1068 295; x_wconf 88' lang='lat' dir='ltr'><strong>occidit</strong></span> <span class='ocrx_word' id='word_1_15' title='bbox 1388 265 1423 291; x_wconf 75' lang='grc' dir='ltr'><strong>το</strong></span> 
     </span>
     <span class='ocr_line' id='line_1_4' title="bbox 275 311 994 372; baseline -0.008 -12"><span class='ocrx_word' id='word_1_16' title='bbox 275 330 374 372; x_wconf 82' lang='lat' dir='ltr'><strong>spes</strong></span> <span class='ocrx_word' id='word_1_17' title='bbox 402 314 546 359; x_wconf 90' lang='lat' dir='ltr'><strong>omnis</strong></span> <span class='ocrx_word' id='word_1_18' title='bbox 572 319 616 358; x_wconf 91' lang='lat' dir='ltr'><strong>et</strong></span> <span class='ocrx_word' id='word_1_19' title='bbox 643 314 827 357; x_wconf 78' lang='lat' dir='ltr'><strong>fortuna</strong></span> <span class='ocrx_word' id='word_1_20' title='bbox 855 311 994 355; x_wconf 84' lang='lat' dir='ltr'>nostri</span> 
     </span>
     <span class='ocr_line' id='line_1_5' title="bbox 332 372 1144 428; baseline -0.006 -9"><span class='ocrx_word' id='word_1_21' title='bbox 332 375 524 419; x_wconf 91' lang='lat' dir='ltr'><strong>nominis</strong></span> <span class='ocrx_word' id='word_1_22' title='bbox 556 372 835 417; x_wconf 82' lang='lat' dir='ltr'><strong>Hasdrubale</strong></span> <span class='ocrx_word' id='word_1_23' title='bbox 866 372 1144 428; x_wconf 77' lang='lat' dir='ltr'><strong>interempto.</strong></span> 
     </span>
    </p>
   </div>
   <div class='ocr_carea' id='block_1_3' title="bbox 225 488 1423 727">
    <p class='ocr_par' dir='ltr' id='par_1_3' title="bbox 225 488 1423 727">
     <span class='ocr_line' id='line_1_6' title="bbox 225 488 1103 546; baseline -0.006 -11"><span class='ocrx_word' id='word_1_24' title='bbox 225 490 292 534; x_wconf 89' lang='lat' dir='ltr'><strong>nil</strong></span> <span class='ocrx_word' id='word_1_25' title='bbox 318 490 532 534; x_wconf 78' lang='lat' dir='ltr'><strong>Claudiae</strong></span> <span class='ocrx_word' id='word_1_26' title='bbox 557 504 644 533; x_wconf 92' lang='lat' dir='ltr'><strong>non</strong></span> <span class='ocrx_word' id='word_1_27' title='bbox 670 488 908 546; x_wconf 81' lang='lat' dir='ltr'><strong>perficient</strong></span> <span class='ocrx_word' id='word_1_28' title='bbox 935 502 1103 530; x_wconf 87' lang='lat' dir='ltr'><strong>manus.</strong></span> 
     </span>
     <span class='ocr_line' id='line_1_7' title="bbox 225 547 1063 608; baseline -0.007 -13"><span class='ocrx_word' id='word_1_29' title='bbox 225 565 334 608; x_wconf 80' lang='lat' dir='ltr'><strong>quas</strong></span> <span class='ocrx_word' id='word_1_30' title='bbox 360 556 404 594; x_wconf 91' lang='lat' dir='ltr'><strong>et</strong></span> <span class='ocrx_word' id='word_1_31' title='bbox 430 550 621 607; x_wconf 89' lang='lat' dir='ltr'><strong>benigno</strong></span> <span class='ocrx_word' id='word_1_32' title='bbox 648 549 829 592; x_wconf 89' lang='lat' dir='ltr'><strong>numine</strong></span> <span class='ocrx_word' id='word_1_33' title='bbox 859 547 1063 604; x_wconf 90' lang='lat' dir='ltr'><strong>Iuppiter</strong></span> 
     </span>
     <span class='ocr_line' id='line_1_8' title="bbox 277 610 1423 665; baseline -0.008 -11"><span class='ocrx_word' id='word_1_34' title='bbox 277 610 484 654; x_wconf 83' lang='lat' dir='ltr'><strong>defendit</strong></span> <span class='ocrx_word' id='word_1_35' title='bbox 509 616 553 654; x_wconf 92' lang='lat' dir='ltr'><strong>et</strong></span> <span class='ocrx_word' id='word_1_36' title='bbox 579 625 706 659; x_wconf 87' lang='lat' dir='ltr'><strong>curae</strong></span> <span class='ocrx_word' id='word_1_37' title='bbox 732 623 908 665; x_wconf 81' lang='lat' dir='ltr'><strong>sagaces</strong></span> <span class='ocrx_word' id='word_1_38' title='bbox 1390 620 1423 646; x_wconf 84' lang='lat'><strong>75</strong></span> 
     </span>
     <span class='ocr_line' id='line_1_9' title="bbox 331 667 993 727; baseline -0.005 -15"><span class='ocrx_word' id='word_1_39' title='bbox 331 670 573 727; x_wconf 87' lang='lat' dir='ltr'><strong>expediunt</strong></span> <span class='ocrx_word' id='word_1_40' title='bbox 599 685 676 727; x_wconf 89' lang='lat' dir='ltr'><strong>per</strong></span> <span class='ocrx_word' id='word_1_41' title='bbox 703 674 831 713; x_wconf 87' lang='lat' dir='ltr'><strong>acuta</strong></span> <span class='ocrx_word' id='word_1_42' title='bbox 858 667 993 710; x_wconf 88' lang='lat' dir='ltr'><strong>belli&#39;.</strong></span> 
     </span>
    </p>
   </div>
   <div class='ocr_carea' id='block_1_4' title="bbox 640 789 848 794">
    <p class='ocr_par' dir='ltr' id='par_1_4' title="bbox 640 789 848 794">
     <span class='ocr_line' id='line_1_10' title="bbox 640 789 848 794; baseline 0 0"><span class='ocrx_word' id='word_1_43' title='bbox 640 789 848 794; x_wconf 95' lang='lat' dir='ltr'><strong> </strong></span> 
     </span>
    </p>
   </div>
   <div class='ocr_carea' id='block_1_5' title="bbox 723 873 774 915">
    <p class='ocr_par' dir='ltr' id='par_1_5' title="bbox 723 873 774 915">
     <span class='ocr_line' id='line_1_11' title="bbox 723 873 774 915; baseline -0.02 0"><span class='ocrx_word' id='word_1_44' title='bbox 723 873 774 915; x_wconf 92' lang='lat' dir='ltr'><strong>V.</strong></span> 
     </span>
    </p>
   </div>
   <div class='ocr_carea' id='block_1_6' title="bbox 224 962 1148 1188">
    <p class='ocr_par' dir='ltr' id='par_1_6' title="bbox 229 962 1102 1019">
     <span class='ocr_line' id='line_1_12' title="bbox 229 962 1102 1019; baseline -0.005 -11"><span class='ocrx_word' id='word_1_45' title='bbox 229 964 358 1008; x_wconf 90' lang='lat' dir='ltr'><strong>Divis</strong></span> <span class='ocrx_word' id='word_1_46' title='bbox 386 970 479 1008; x_wconf 89' lang='lat' dir='ltr'><strong>orte</strong></span> <span class='ocrx_word' id='word_1_47' title='bbox 507 964 646 1015; x_wconf 91' lang='lat' dir='ltr'><strong>bonis,</strong></span> <span class='ocrx_word' id='word_1_48' title='bbox 677 968 856 1019; x_wconf 81' lang='lat' dir='ltr'><strong>optume</strong></span> <span class='ocrx_word' id='word_1_49' title='bbox 886 962 1102 1005; x_wconf 87' lang='lat' dir='ltr'><strong>Romulae</strong></span> 
     </span>
    </p>

    <p class='ocr_par' dir='ltr' id='par_1_7' title="bbox 224 1021 1148 1082">
     <span class='ocr_line' id='line_1_13' title="bbox 224 1021 1148 1082; baseline -0.003 -14"><span class='ocrx_word' id='word_1_50' title='bbox 224 1031 369 1068; x_wconf 84' lang='lat' dir='ltr'><strong>custos</strong></span> <span class='ocrx_word' id='word_1_51' title='bbox 394 1023 554 1082; x_wconf 84' lang='lat' dir='ltr'><strong>gentis,</strong></span> <span class='ocrx_word' id='word_1_52' title='bbox 582 1022 683 1067; x_wconf 90' lang='lat' dir='ltr'><strong>abes</strong></span> <span class='ocrx_word' id='word_1_53' title='bbox 710 1022 801 1066; x_wconf 90' lang='lat' dir='ltr'><strong>iam</strong></span> <span class='ocrx_word' id='word_1_54' title='bbox 828 1022 1018 1065; x_wconf 90' lang='lat' dir='ltr'><strong>nimium</strong></span> <span class='ocrx_word' id='word_1_55' title='bbox 1046 1021 1148 1074; x_wconf 90' lang='lat' dir='ltr'><strong>diu;</strong></span> 
     </span>
    </p>

    <p class='ocr_par' dir='ltr' id='par_1_8' title="bbox 226 1082 1124 1188">
     <span class='ocr_line' id='line_1_14' title="bbox 226 1082 1124 1139; baseline -0.006 -10"><span class='ocrx_word' id='word_1_56' title='bbox 226 1091 450 1129; x_wconf 85' lang='lat' dir='ltr'><strong>maturum</strong></span> <span class='ocrx_word' id='word_1_57' title='bbox 475 1083 668 1127; x_wconf 88' lang='lat' dir='ltr'><strong>reditum</strong></span> <span class='ocrx_word' id='word_1_58' title='bbox 695 1082 920 1139; x_wconf 84' lang='lat' dir='ltr'><strong>pollicitus</strong></span> <span class='ocrx_word' id='word_1_59' title='bbox 948 1087 1124 1138; x_wconf 85' lang='lat' dir='ltr'><strong>patrum</strong></span> 
     </span>
     <span class='ocr_line' id='line_1_15' title="bbox 277 1142 769 1188; baseline -0.006 0"><span class='ocrx_word' id='word_1_60' title='bbox 277 1150 428 1188; x_wconf 75' lang='lat' dir='ltr'><strong>sancto</strong></span> <span class='ocrx_word' id='word_1_61' title='bbox 452 1143 636 1187; x_wconf 89' lang='lat' dir='ltr'><strong>concilio</strong></span> <span class='ocrx_word' id='word_1_62' title='bbox 662 1142 769 1186; x_wconf 88' lang='lat' dir='ltr'><strong>redi.</strong></span> 
     </span>
    </p>
   </div>
   <div class='ocr_carea' id='block_1_7' title="bbox 224 1251 1426 1476">
    <p class='ocr_par' dir='ltr' id='par_1_9' title="bbox 224 1251 1426 1430">
     <span class='ocr_line' id='line_1_16' title="bbox 224 1251 1426 1308; baseline -0.005 -11"><span class='ocrx_word' id='word_1_63' title='bbox 224 1253 366 1298; x_wconf 88' lang='lat' dir='ltr'><strong>lucem</strong></span> <span class='ocrx_word' id='word_1_64' title='bbox 396 1252 527 1297; x_wconf 88' lang='lat' dir='ltr'><strong>redde</strong></span> <span class='ocrx_word' id='word_1_65' title='bbox 558 1258 672 1305; x_wconf 88' lang='lat' dir='ltr'><strong>tuae,</strong></span> <span class='ocrx_word' id='word_1_66' title='bbox 705 1252 795 1296; x_wconf 84' lang='lat' dir='ltr'><strong>dux</strong></span> <span class='ocrx_word' id='word_1_67' title='bbox 828 1252 951 1303; x_wconf 90' lang='lat' dir='ltr'><strong>bone,</strong></span> <span class='ocrx_word' id='word_1_68' title='bbox 985 1251 1180 1308; x_wconf 85' lang='lat' dir='ltr'><strong>patriae:</strong></span> <span class='ocrx_word' id='word_1_69' title='bbox 1408 1263 1426 1291; x_wconf 79' lang='lat'>⁵</span> 
     </span>
     <span class='ocr_line' id='line_1_17' title="bbox 226 1311 1036 1357; baseline -0.004 0"><span class='ocrx_word' id='word_1_70' title='bbox 226 1312 367 1357; x_wconf 84' lang='lat' dir='ltr'><strong>instar</strong></span> <span class='ocrx_word' id='word_1_71' title='bbox 389 1312 503 1356; x_wconf 86' lang='lat' dir='ltr'><strong>veris</strong></span> <span class='ocrx_word' id='word_1_72' title='bbox 525 1312 643 1356; x_wconf 92' lang='lat' dir='ltr'><strong>enim</strong></span> <span class='ocrx_word' id='word_1_73' title='bbox 667 1312 811 1356; x_wconf 89' lang='lat' dir='ltr'><strong>voltus</strong></span> <span class='ocrx_word' id='word_1_74' title='bbox 837 1311 914 1355; x_wconf 92' lang='lat' dir='ltr'><strong>ubi</strong></span> <span class='ocrx_word' id='word_1_75' title='bbox 938 1317 1036 1354; x_wconf 88' lang='lat' dir='ltr'><strong>tuos</strong></span> 
     </span>
     <span class='ocr_line' id='line_1_18' title="bbox 225 1371 987 1430; baseline -0.004 -13"><span class='ocrx_word' id='word_1_76' title='bbox 225 1373 417 1419; x_wconf 73' lang='lat' dir='ltr'><strong>adfulsit</strong></span> <span class='ocrx_word' id='word_1_77' title='bbox 438 1372 615 1430; x_wconf 92' lang='lat' dir='ltr'><strong>populo,</strong></span> <span class='ocrx_word' id='word_1_78' title='bbox 639 1372 810 1429; x_wconf 90' lang='lat' dir='ltr'><strong>gratior</strong></span> <span class='ocrx_word' id='word_1_79' title='bbox 833 1372 870 1414; x_wconf 87' lang='lat' dir='ltr'><strong>it</strong></span> <span class='ocrx_word' id='word_1_80' title='bbox 893 1371 987 1414; x_wconf 86' lang='lat' dir='ltr'><strong>dies</strong></span> 
     </span>
    </p>

    <p class='ocr_par' dir='ltr' id='par_1_10' title="bbox 279 1432 831 1476">
     <span class='ocr_line' id='line_1_19' title="bbox 279 1432 831 1476; baseline -0.002 0"><span class='ocrx_word' id='word_1_81' title='bbox 279 1439 323 1476; x_wconf 91' lang='lat' dir='ltr'><strong>et</strong></span> <span class='ocrx_word' id='word_1_82' title='bbox 350 1433 460 1476; x_wconf 87' lang='lat' dir='ltr'><strong>soles</strong></span> <span class='ocrx_word' id='word_1_83' title='bbox 488 1432 646 1476; x_wconf 90' lang='lat' dir='ltr'><strong>melius</strong></span> <span class='ocrx_word' id='word_1_84' title='bbox 674 1432 831 1476; x_wconf 89' lang='lat' dir='ltr'><strong>nitent.</strong></span> 
     </span>
    </p>
   </div>
   <div class='ocr_carea' id='block_1_8' title="bbox 226 1537 1426 1771">
    <p class='ocr_par' dir='ltr' id='par_1_11' title="bbox 226 1537 1426 1718">
     <span class='ocr_line' id='line_1_20' title="bbox 227 1537 1170 1597; baseline -0.005 -12"><span class='ocrx_word' id='word_1_85' title='bbox 227 1547 277 1585; x_wconf 90' lang='lat' dir='ltr'><strong>ut</strong></span> <span class='ocrx_word' id='word_1_86' title='bbox 299 1547 439 1585; x_wconf 85' lang='lat' dir='ltr'><strong>mater</strong></span> <span class='ocrx_word' id='word_1_87' title='bbox 458 1540 674 1592; x_wconf 86' lang='lat' dir='ltr'><strong>iuvenem,</strong></span> <span class='ocrx_word' id='word_1_88' title='bbox 698 1556 828 1597; x_wconf 92' lang='lat' dir='ltr'><strong>quem</strong></span> <span class='ocrx_word' id='word_1_89' title='bbox 853 1540 997 1582; x_wconf 86' lang='lat' dir='ltr'><strong>Notus</strong></span> <span class='ocrx_word' id='word_1_90' title='bbox 1019 1537 1170 1582; x_wconf 92' lang='lat' dir='ltr'><strong>invido</strong></span> 
     </span>
     <span class='ocr_line' id='line_1_21' title="bbox 227 1599 1426 1658; baseline -0.006 -13"><span class='ocrx_word' id='word_1_91' title='bbox 227 1601 346 1645; x_wconf 79' lang='lat' dir='ltr'><strong>flatu</strong></span> <span class='ocrx_word' id='word_1_92' title='bbox 372 1600 606 1658; x_wconf 83' lang='lat' dir='ltr'><strong>Carpathii</strong></span> <span class='ocrx_word' id='word_1_93' title='bbox 631 1606 752 1644; x_wconf 84' lang='lat' dir='ltr'><strong>trans</strong></span> <span class='ocrx_word' id='word_1_94' title='bbox 778 1599 912 1643; x_wconf 83' lang='lat' dir='ltr'><strong>maris</strong></span> <span class='ocrx_word' id='word_1_95' title='bbox 939 1612 1125 1655; x_wconf 87' lang='lat' dir='ltr'><strong>aequora</strong></span> <span class='ocrx_word' id='word_1_96' title='bbox 1392 1611 1426 1639; x_wconf 81' lang='grc' dir='ltr'><strong>ιο</strong></span> 
     </span>
     <span class='ocr_line' id='line_1_22' title="bbox 226 1660 1066 1718; baseline -0.006 -13"><span class='ocrx_word' id='word_1_97' title='bbox 226 1666 505 1705; x_wconf 84' lang='lat' dir='ltr'><strong>cunctantem</strong></span> <span class='ocrx_word' id='word_1_98' title='bbox 533 1660 679 1718; x_wconf 90' lang='lat' dir='ltr'><strong>spatio</strong></span> <span class='ocrx_word' id='word_1_99' title='bbox 711 1660 888 1717; x_wconf 88' lang='lat' dir='ltr'><strong>longius</strong></span> <span class='ocrx_word' id='word_1_100' title='bbox 919 1673 1066 1702; x_wconf 90' lang='lat' dir='ltr'><strong>annuo</strong></span> 
     </span>
    </p>

    <p class='ocr_par' dir='ltr' id='par_1_12' title="bbox 279 1719 812 1771">
     <span class='ocr_line' id='line_1_23' title="bbox 279 1719 812 1771; baseline 0 -8"><span class='ocrx_word' id='word_1_101' title='bbox 279 1720 399 1764; x_wconf 88' lang='lat' dir='ltr'><strong>dulci</strong></span> <span class='ocrx_word' id='word_1_102' title='bbox 419 1719 605 1764; x_wconf 85' lang='lat' dir='ltr'><strong>distinet</strong></span> <span class='ocrx_word' id='word_1_103' title='bbox 624 1736 649 1763; x_wconf 86' lang='lat' dir='ltr'><strong>a</strong></span> <span class='ocrx_word' id='word_1_104' title='bbox 670 1720 812 1771; x_wconf 91' lang='lat' dir='ltr'><strong>domo,</strong></span> 
     </span>
    </p>
   </div>
   <div class='ocr_carea' id='block_1_9' title="bbox 224 1827 1426 2064">
    <p class='ocr_par' dir='ltr' id='par_1_13' title="bbox 225 1827 1113 1885">
     <span class='ocr_line' id='line_1_24' title="bbox 225 1827 1113 1885; baseline -0.005 -13"><span class='ocrx_word' id='word_1_105' title='bbox 225 1829 340 1873; x_wconf 87' lang='lat' dir='ltr'><strong>votis</strong></span> <span class='ocrx_word' id='word_1_106' title='bbox 364 1828 672 1885; x_wconf 89' lang='lat' dir='ltr'><strong>ominibusque</strong></span> <span class='ocrx_word' id='word_1_107' title='bbox 696 1835 739 1871; x_wconf 90' lang='lat' dir='ltr'><strong>et</strong></span> <span class='ocrx_word' id='word_1_108' title='bbox 764 1827 965 1884; x_wconf 87' lang='lat' dir='ltr'><strong>precibus</strong></span> <span class='ocrx_word' id='word_1_109' title='bbox 989 1833 1113 1869; x_wconf 86' lang='lat' dir='ltr'><strong>vocat</strong></span> 
     </span>
    </p>

    <p class='ocr_par' dir='ltr' id='par_1_14' title="bbox 226 1887 1035 1933">
     <span class='ocr_line' id='line_1_25' title="bbox 226 1887 1035 1933; baseline -0.004 -1"><span class='ocrx_word' id='word_1_110' title='bbox 226 1904 358 1933; x_wconf 87' lang='lat' dir='ltr'><strong>curvo</strong></span> <span class='ocrx_word' id='word_1_111' title='bbox 380 1903 458 1932; x_wconf 91' lang='lat' dir='ltr'><strong>nec</strong></span> <span class='ocrx_word' id='word_1_112' title='bbox 481 1888 642 1932; x_wconf 84' lang='lat' dir='ltr'><strong>faciem</strong></span> <span class='ocrx_word' id='word_1_113' title='bbox 665 1888 794 1931; x_wconf 93' lang='lat' dir='ltr'><strong>litore</strong></span> <span class='ocrx_word' id='word_1_114' title='bbox 817 1887 1035 1930; x_wconf 83' lang='lat' dir='ltr'><strong>dimovet:</strong></span> 
     </span>
    </p>

    <p class='ocr_par' dir='ltr' id='par_1_15' title="bbox 224 1947 1426 2064">
     <span class='ocr_line' id='line_1_26' title="bbox 224 1947 1426 1992; baseline -0.006 0"><span class='ocrx_word' id='word_1_115' title='bbox 224 1949 288 1992; x_wconf 88' lang='lat' dir='ltr'><strong>sic</strong></span> <span class='ocrx_word' id='word_1_116' title='bbox 306 1948 537 1992; x_wconf 88' lang='lat' dir='ltr'><strong>desideriis</strong></span> <span class='ocrx_word' id='word_1_117' title='bbox 555 1947 643 1991; x_wconf 87' lang='lat' dir='ltr'><strong>icta</strong></span> <span class='ocrx_word' id='word_1_118' title='bbox 662 1947 876 1991; x_wconf 81' lang='lat' dir='ltr'><strong>fidelibus</strong></span> <span class='ocrx_word' id='word_1_119' title='bbox 1393 1960 1426 1985; x_wconf 82' lang='lat'><strong>15</strong></span> 
     </span>
     <span class='ocr_line' id='line_1_27' title="bbox 280 2007 905 2064; baseline -0.002 -13"><span class='ocrx_word' id='word_1_120' title='bbox 280 2008 454 2064; x_wconf 92' lang='lat' dir='ltr'><strong>quaerit</strong></span> <span class='ocrx_word' id='word_1_121' title='bbox 486 2008 632 2064; x_wconf 87' lang='lat' dir='ltr'><strong>patria</strong></span> <span class='ocrx_word' id='word_1_122' title='bbox 662 2007 905 2051; x_wconf 85' lang='lat' dir='ltr'><strong>Caesarem.</strong></span> 
     </span>
    </p>
   </div>
   <div class='ocr_carea' id='block_1_10' title="bbox 159 2124 654 2173">
    <p class='ocr_par' dir='ltr' id='par_1_16' title="bbox 159 2124 654 2173">
     <span class='ocr_line' id='line_1_28' title="bbox 159 2124 654 2173; baseline -0.002 -12"><span class='ocrx_word' id='word_1_123' title='bbox 159 2125 381 2173; x_wconf 63' lang='lat' dir='ltr'><em>&lt;9:ABG</em></span> <span class='ocrx_word' id='word_1_124' title='bbox 471 2124 654 2172; x_wconf 61' lang='grc' dir='ltr'><strong>Θιιῑφ</strong></span> 
     </span>
    </p>
   </div>
   <div class='ocr_carea' id='block_1_11' title="bbox 65 2231 1429 2425">
    <p class='ocr_par' dir='ltr' id='par_1_17' title="bbox 164 2231 1241 2280">
     <span class='ocr_line' id='line_1_29' title="bbox 164 2231 1241 2280; baseline 0 -11"><span class='ocrx_word' id='word_1_125' title='bbox 164 2232 213 2270; x_wconf 77' lang='lat'><strong>78</strong></span> <span class='ocrx_word' id='word_1_126' title='bbox 238 2231 436 2279; x_wconf 80' lang='lat' dir='ltr'><strong>perficient</strong></span> <span class='ocrx_word' id='word_1_127' title='bbox 461 2233 560 2278; x_wconf 79' lang='lat' dir='ltr'><strong>(-ant</strong></span> <span class='ocrx_word' id='word_1_128' title='bbox 586 2231 642 2278; x_wconf 79' lang='lat' dir='ltr'><strong>F)</strong></span> <span class='ocrx_word' id='word_1_129' title='bbox 666 2232 715 2279; x_wconf 68' lang='lat' dir='ltr'><strong>(D</strong></span> <span class='ocrx_word' id='word_1_130' title='bbox 738 2232 806 2280; x_wconf 63' lang='grc' dir='ltr'><strong>Θ,</strong></span> <span class='ocrx_word' id='word_1_131' title='bbox 831 2232 1033 2278; x_wconf 84' lang='lat' dir='ltr'><strong>perficiunt</strong></span> <span class='ocrx_word' id='word_1_132' title='bbox 1059 2231 1198 2267; x_wconf 73' lang='lat' dir='ltr'><strong>Bland.</strong></span> <span class='ocrx_word' id='word_1_133' title='bbox 1221 2242 1241 2269; x_wconf 84' lang='grc' dir='ltr'><strong>ς</strong></span> 
     </span>
    </p>

    <p class='ocr_par' dir='ltr' id='par_1_18' title="bbox 65 2278 1429 2425">
     <span class='ocr_line' id='line_1_30' title="bbox 162 2278 1426 2328; baseline -0.002 -10"><span class='ocrx_word' id='word_1_134' title='bbox 162 2281 202 2328; x_wconf 85' lang='grc'><strong>5,</strong></span> <span class='ocrx_word' id='word_1_135' title='bbox 221 2279 248 2317; x_wconf 82' lang='lat'>4</span> <span class='ocrx_word' id='word_1_136' title='bbox 272 2279 431 2316; x_wconf 88' lang='lat' dir='ltr'><strong>concilio</strong></span> <span class='ocrx_word' id='word_1_137' title='bbox 449 2279 499 2328; x_wconf 67' lang='lat' dir='ltr'><strong>(D</strong></span> <span class='ocrx_word' id='word_1_138' title='bbox 515 2278 583 2328; x_wconf 61' lang='grc' dir='ltr'><strong>ᾧ),</strong></span> <span class='ocrx_word' id='word_1_139' title='bbox 606 2279 763 2316; x_wconf 76' lang='lat' dir='ltr'><strong>consilio</strong></span> <span class='ocrx_word' id='word_1_140' title='bbox 783 2282 802 2316; x_wconf 78' lang='grc' dir='ltr'><strong><em>λ</em></strong></span> <span class='ocrx_word' id='word_1_141' title='bbox 822 2280 1021 2325; x_wconf 66' lang='grc' dir='ltr'><strong>(Υιζσιονίη.</strong></span> <span class='ocrx_word' id='word_1_142' title='bbox 1041 2290 1193 2327; x_wconf 75' lang='lat' dir='ltr'><strong>yramm.</strong></span> <span class='ocrx_word' id='word_1_143' title='bbox 1217 2278 1274 2314; x_wconf 88' lang='lat' dir='ltr'><strong>VI</strong></span> <span class='ocrx_word' id='word_1_144' title='bbox 1293 2281 1373 2321; x_wconf 80' lang='lat'><strong><em>177,</em></strong></span> <span class='ocrx_word' id='word_1_145' title='bbox 1388 2281 1426 2321; x_wconf 82' lang='lat'><strong>5)</strong></span> 
     </span>
     <span class='ocr_line' id='line_1_31' title="bbox 68 2326 1429 2376; baseline -0.004 -10"><span class='ocrx_word' id='word_1_146' title='bbox 68 2329 89 2366; x_wconf 75' lang='lat'>7</span> <span class='ocrx_word' id='word_1_147' title='bbox 116 2329 149 2366; x_wconf 80' lang='lat' dir='ltr'><strong>it</strong></span> <span class='ocrx_word' id='word_1_148' title='bbox 171 2329 221 2376; x_wconf 70' lang='grc' dir='ltr'><strong>(ξ)</strong></span> <span class='ocrx_word' id='word_1_149' title='bbox 245 2329 334 2373; x_wconf 61' lang='lat' dir='ltr'><strong>uus,</strong></span> <span class='ocrx_word' id='word_1_150' title='bbox 359 2329 398 2364; x_wconf 77' lang='lat' dir='ltr'><strong>ot</strong></span> <span class='ocrx_word' id='word_1_151' title='bbox 423 2328 525 2364; x_wconf 66' lang='lat' dir='ltr'><strong>Rau</strong></span> <span class='ocrx_word' id='word_1_152' title='bbox 551 2329 597 2374; x_wconf 89' lang='grc' dir='ltr'><strong>(φ</strong></span> <span class='ocrx_word' id='word_1_153' title='bbox 622 2331 784 2373; x_wconf 71' lang='lat' dir='ltr'><strong>erasum)</strong></span> <span class='ocrx_word' id='word_1_154' title='bbox 875 2327 925 2364; x_wconf 78' lang='lat'><strong>18</strong></span> <span class='ocrx_word' id='word_1_155' title='bbox 951 2326 1194 2373; x_wconf 85' lang='lat' dir='ltr'><strong>(h)ominibus</strong></span> <span class='ocrx_word' id='word_1_156' title='bbox 1212 2326 1261 2373; x_wconf 70' lang='lat' dir='ltr'><strong>(D</strong></span> <span class='ocrx_word' id='word_1_157' title='bbox 1282 2326 1429 2371; x_wconf 68' lang='lat' dir='ltr'><strong>Porph„</strong></span> 
     </span>
     <span class='ocr_line' id='line_1_32' title="bbox 65 2374 1112 2425; baseline -0.002 -12"><span class='ocrx_word' id='word_1_158' title='bbox 65 2376 239 2414; x_wconf 72' lang='lat' dir='ltr'><strong>omnibus</strong></span> <span class='ocrx_word' id='word_1_159' title='bbox 262 2376 315 2425; x_wconf 64' lang='grc' dir='ltr'><strong>ᾧ)</strong></span> <span class='ocrx_word' id='word_1_160' title='bbox 411 2374 462 2412; x_wconf 78' lang='lat'><strong>14</strong></span> <span class='ocrx_word' id='word_1_161' title='bbox 486 2375 656 2412; x_wconf 73' lang='lat' dir='ltr'><strong>dimouot</strong></span> <span class='ocrx_word' id='word_1_162' title='bbox 679 2377 770 2421; x_wconf 68' lang='lat' dir='ltr'><strong>zu,</strong></span> <span class='ocrx_word' id='word_1_163' title='bbox 797 2376 974 2413; x_wconf 86' lang='lat' dir='ltr'><strong>demouet</strong></span> <span class='ocrx_word' id='word_1_164' title='bbox 999 2375 1112 2413; x_wconf 66' lang='lat' dir='ltr'><strong>RFo</strong></span> 
     </span>
    </p>
   </div>
  </div>
 </body>
</html>
