1586 2514
635 79 777 116 SERM.
803 79 820 116 I
839 84 871 116 3.
1345 78 1428 121 179

69 179 108 224 si
137 185 304 237 peteret
333 194 411 237 per
438 178 681 223 amicitiam
711 178 850 237 patris
879 183 1011 235 atque
1040 193 1178 231 suam,
1210 193 1297 222 non
1405 194 1422 221 ⁶

71 239 307 298 quicquam
334 239 595 297 proficeret;
630 239 670 283 si
695 238 993 291 conlibuisset,
1023 237 1078 282 ab
1107 253 1186 282 ovo

73 313 207 357 usque
235 298 292 344 ad
323 298 440 343 mala
469 298 626 343 citaret
657 298 713 343 ‘io
746 298 954 343 Bacchae’
988 297 1116 342 modo
1147 313 1317 342 summa

69 373 186 412 voce,
213 358 342 403 modo
371 358 464 412 hac,
492 364 664 402 resonat
690 374 801 416 quae
826 358 1001 403 chordis
1027 364 1238 426 quattuor
1265 359 1368 402 ima.

71 418 138 463 nil
165 418 345 476 aequale
376 418 545 462 homini
573 419 666 462 fuit
693 418 790 462 illi:
824 434 951 476 saepe
979 419 1100 462 velut
1127 418 1206 476 qui

70 478 273 523 currebat
300 478 481 536 fugiens
512 479 692 531 hostem,
723 494 927 536 persaepe
954 479 1075 522 velut
1103 478 1182 536 qui
1391 494 1425 521 ιο

73 537 258 583 Iunonis
286 553 408 583 sacra
439 539 600 593 ferret;
639 537 826 583 habebat
855 554 981 596 saepe
1012 538 1234 591 ducentos,

69 613 197 656 saepe
223 597 370 642 decem
399 613 565 653 servos;
600 598 729 643 modo
756 614 878 657 reges
904 605 1037 656 atque
1065 599 1316 650 tetrarchas,

72 657 221 703 omnia
239 674 400 716 magna
419 658 613 716 loquens,
634 658 764 703 modo
782 658 855 703 sit
874 659 985 703 mihi
1006 674 1154 703 mensa
1174 658 1311 716 tripes
1330 665 1373 702 et

71 718 233 764 concha
258 719 365 763 salis
394 719 496 777 puri
522 725 568 763 et
595 725 713 777 toga,
741 734 854 777 quae
881 719 1116 763 defendere
1145 719 1294 776 frigus

71 778 271 837 quamvis
303 794 444 823 crassa
475 778 637 837 queat!
678 779 850 824 deciens
880 786 1061 824 centena
1092 778 1284 824 dedisses
1393 795 1426 822 15

72 838 175 884 huic
204 854 348 897 parco,
382 840 533 897 paucis
562 845 791 884 contento:
827 839 1022 897 quinque
1053 839 1207 884 diebus

72 898 139 944 nil
161 905 255 944 erat
281 899 330 944 in
353 899 522 944 loculis.
555 900 696 944 noctis
720 899 938 958 vigilabat
961 899 1018 944 ad
1043 900 1190 957 ipsum

72 974 213 1012 mane,
243 959 361 1004 diem
393 965 536 1004 totum
562 959 786 1004 stertebat.
826 960 893 1004 nil
921 960 1015 1004 fuit
1045 976 1237 1018 unquam

70 1019 134 1064 sio
162 1019 292 1078 inpar
321 1019 421 1064 sibi.
460 1035 575 1065 nunc
603 1019 766 1078 aliquis
794 1020 913 1064 dicat
941 1019 1053 1064 mihi
1083 1020 1204 1078 ‘quid
1235 1021 1319 1065 tu?

73 1079 250 1124 nullane
275 1079 407 1124 habes
432 1079 544 1124 vitia
560 1079 594 1122 ?'
627 1080 765 1124 immo
790 1080 879 1125 alia
904 1086 949 1124 et
973 1081 1160 1124 fortasse
1187 1080 1369 1125 minora.
1391 1096 1428 1124 20

71 1139 280 1185 Maenius
307 1139 529 1185 absentem
558 1139 755 1185 Novium
782 1156 881 1185 cum
909 1147 1117 1198 carperet,
1148 1140 1280 1194 ‘heus,
1310 1141 1374 1185 tu'

72 1199 255 1258 quidam
279 1200 346 1244 ait
371 1199 561 1258 ‘ignoras
586 1206 629 1245 te
653 1216 713 1245 anv
736 1206 787 1245 ut
810 1201 1014 1258 ignotum
1039 1201 1143 1245 dare
1168 1201 1295 1246 nobis

71 1259 204 1305 verba
230 1266 360 1318 putas
375 1259 409 1302 ?'
449 1259 636 1318 ‘egomet
662 1260 725 1304 mi
754 1260 947 1318 ignosco'
976 1261 1183 1306 Maenius
1211 1261 1373 1319 inquit.

71 1319 236 1365 stultus
266 1326 310 1364 et
341 1319 553 1378 inprobus
583 1320 654 1365 hic
685 1336 808 1365 amor
839 1327 904 1365 est
934 1321 1182 1379 dignusque
1213 1322 1372 1366 notari.

73 1395 173 1425 cum
203 1386 280 1425 tua
311 1380 536 1438 pervideas
565 1381 704 1425 oculis
733 1381 850 1425 mala
879 1381 1028 1440 lippus
1057 1382 1266 1436 inunctis,
1393 1398 1428 1425 25

73 1456 151 1485 cur
173 1440 224 1485 in
247 1441 489 1485 amicorum
511 1441 635 1485 vitiis
660 1447 751 1485 tam
774 1441 915 1486 cernis
939 1448 1116 1486 acutum

73 1516 206 1558 quam
216 1506 294 1546 aut
303 1500 453 1558 aquila
462 1507 540 1546 aut
547 1517 724 1559 serpens
737 1502 1007 1560 Epidaurius
1024 1503 1042 1544 Ρ
1074 1509 1120 1547 at
1131 1502 1215 1546 tibi
1227 1509 1377 1547 contra

74 1561 233 1614 evenit,
259 1561 490 1619 inquirant
516 1561 628 1606 vitia
653 1567 704 1606 ut
729 1568 806 1606 tua
832 1578 980 1607 rursus
1007 1568 1051 1607 et
1075 1562 1160 1607 illi.

168 1679 492 1727 &annzffl
586 1679 766 1728 (13:34⁵

170 1786 195 1823 6
208 1787 256 1823 ab
270 1798 338 1824 ovo
359 1809 404 1815 —
423 1786 526 1824 mala
545 1789 587 1825 ob
600 1799 708 1825 cenae
722 1788 887 1825 ordinem
900 1789 1008 1833 affert
1022 1788 1157 1835 Porph.
1171 1800 1274 1825 serm.
1288 1793 1325 1835 2,
1339 1793 1373 1835 4,
1388 1794 1436 1827 12

77 1835 98 1872 ⁷
125 1835 292 1872 bacchae
317 1836 463 1881 BER,
487 1836 656 1883 ba(c)che
681 1837 805 1873 aDK
811 1838 842 1872 Φ
915 1836 939 1872 8
965 1840 1117 1873 resonat
1140 1837 1263 1886 ΘΘ,
1288 1842 1437 1875 resonet

74 1884 155 1930 «1221
227 1883 279 1920 10
303 1885 433 1921 omis.
450 1864 496 1921 'B
545 1884 719 1922 Curreret
738 1884 936 1931 aufugiens
957 1886 1170 1922 Praedicow
1245 1886 1291 1922 11
1319 1887 1435 1923 habe-

75 1931 262 1969 bat-1¹2
285 1933 340 1968 nil
359 1935 442 1969 erat
460 1934 504 1970 ob
523 1933 800 1979 descriptionem
818 1934 1063 1970 inconstantis
1082 1934 1218 1981 alleyat
1236 1935 1319 1971 Sen.
1333 1936 1435 1981 epist.

77 1982 160 2025 120,
171 1982 223 2017 20
298 1980 348 2017 18
367 1981 550 2018 omnia—
563 1982 649 2028 puri
668 1983 709 2018 ob
729 1981 847 2027 tripes
867 1982 975 2026 affert
993 1982 1110 2018 Prafflse
1127 1985 1160 2026 6,
1175 1985 1224 2017 57
1237 1994 1277 2029 p.
1291 1986 1376 2028 241,
1386 1987 1438 2021 27

77 2026 127 2064 14
153 2029 336 2091 οῡΘΘ,
360 2030 484 2067 omisit
501 2029 668 2075 (Seneca)
745 2029 793 2066 15
819 2041 886 2066 om.
909 2030 965 2065 K¹
1039 2029 1275 2078 dedissesQ
1226 2031 1352 2080 ΘΘ
1374 2032 1436 2068 de-

76 2075 196 2113 disset
215 2077 384 2121 (Senecae
401 2078 522 2124 codd.)
596 2078 647 2114 20
673 2080 802 2114 omis.
822 2079 865 2113 B
926 2080 965 2113 et
982 2078 1031 2125 Q
1048 2077 1100 2126 Θ
1118 2078 1272 2124 Blana,
1298 2080 1392 2116 haut
1415 2093 1438 2121 ς

75 2123 124 2160 21
147 2145 191 2152 —
211 2136 300 2172 carp
303 2127 382 2161 eret
403 2127 447 2163 ob
465 2126 620 2163 nomina
640 2117 775 2173 Por-ph.
795 2127 897 2172 epist.
917 2129 1089 2170 1,15‚26
1161 2126 1212 2162 26
1237 2128 1438 2173 pei-uideas

75 2172 146 2256 ἓ)
216 2174 366 2220 Porph„
390 2176 606 2220 praetereas
633 2175 842 2218 Mervilius,
867 2185 942 2210 non
968 2154 1096 2210 videas
1122 2186 1144 2215 ς
1231 2176 1282 2211 26
1308 2187 1373 2212 cur
1392 2199 1437 2204 —

109 2221 150 2268 pi
177 2221 306 2258 aurius
337 2223 380 2259 ob
411 2224 552 2271 lyncem
575 2224 717 2261 exhibet
740 2202 845 2260 sami
875 2223 972 2260 Voss.
992 2223 1043 2258 ΙΙ
1063 2223 1115 2259 ad
1140 2223 1286 2260 Lucan
1308 2228 1343 2270 6,
1364 2228 1439 2262 672

76 2267 126 2307 2⁷
153 2280 268 2316 quam
299 2272 366 2307 aut
397 2235 527 2317 aquila
558 2273 697 2320 ath
648 2272 765 2321 ΘΘ
783 2271 938 2316 Porph„
962 2273 1008 2307 ut
1031 2270 1122 2317 lynx
1147 2271 1206 2307 vel
1230 2274 1338 2309 schol.
1359 2275 1438 2310 Lu-

75 2318 301 2414 egninlajt
326 2331 366 2363 ς,
400 2319 449 2355 ad
476 2319 541 2364 R¹,
573 2331 617 2356 ac
641 2321 735 2367 Qd)
856 2319 1009 2356 28—83
1035 2320 1180 2361 deficit
1205 2322 1276 2366 13¹,
1308 2322 1375 2370 [Θ
1394 2341 1438 2352 =

1154 2429 1223 2464 12*
