1586 2514
614 68 755 105 SERM.
781 68 815 105 11
840 72 873 105 a.
1338 70 1426 113 223

69 165 236 223 ‘quanti
245 169 411 223 emptae
418 167 456 210 ‘P’
471 167 646 223 ‘parvo’.
659 168 825 223 ‘quanti
835 182 937 224 ergo
947 167 984 210 ‘?’
998 168 1284 212 ‘octussibum’
1302 169 1369 212 ‘eh
1375 184 1425 212 eu

67 226 176 283 quid
202 227 354 279 refert,
385 227 536 272 morbo
562 243 620 272 an
645 228 782 271 furtis
810 243 1069 286 pereamque
1096 230 1265 287 rapinis
1281 230 1314 271 ἴθ’

66 285 282 343 ‘quisnam
300 287 443 344 igitur
462 302 592 331 sanus
608 287 641 329 ἴθ’
668 287 745 344 qui
765 303 854 332 non
872 288 1046 332 stultus.
1077 289 1198 346 ‘quid
1217 305 1371 334 avarus
1388 291 1421 331 ?’

64 346 227 390 stultus
251 352 295 390 et
321 347 514 391 insanus.
939 370 942 371 ⁷

569 406 732 464 mquid,
759 408 900 465 siquis
925 423 1012 452 non
1036 409 1096 453 sit
1120 425 1289 461 avarus,

65 465 274 510 continuo
303 481 435 510 sanus
451 466 485 508 θ’
529 467 724 510 minime.
768 467 871 520 ³cur,
907 467 1052 513 Stoice
1069 469 1102 511 ?’
1144 469 1301 513 dicam.
1371 486 1421 512 mo

65 525 166 569 ‘non
191 531 255 569 est
282 526 508 570 cardiacus
537 525 790 582 (Craterum
816 527 980 572 dixisse
1006 529 1185 585 putato)

65 585 136 629 hic
160 585 317 642 aeger'.
356 592 469 630 recte
494 593 560 630 est
583 587 738 644 igitur,
766 590 1036 645 surgetque?
1071 589 1264 646 negabit,

65 645 182 701 quod
204 644 320 689 latus
340 652 421 690 aut
442 661 563 691 renes
587 646 738 691 morbo
761 653 1031 705 temptentur
1053 656 1194 694 acuto.

64 720 151 749 non
180 711 244 748 est
275 706 478 762 periurus
506 722 644 764 neque
673 708 889 760 sordidus,
921 709 1105 753 inmolet
1134 711 1284 767 aequis

64 764 134 808 hic
155 780 335 822 porcum
359 766 572 821 Laribus;
600 783 750 812 verum
772 768 1031 813 ambitiosus
1052 776 1096 814 et
1116 771 1286 814 audax:
1371 788 1421 814 165

65 825 242 883 naviget
263 826 542 883 Anticyram.
582 828 691 884 quid
713 827 831 872 enim
852 829 1030 882 differt,
1054 830 1313 874 barathrone

63 885 196 929 dones
212 885 433 944 quidquid
450 886 581 931 habes
598 903 655 931 an
672 904 912 946 numquam
931 896 1054 934 utare
1072 892 1238 947 paratis
1255 892 1273 933 ?
1294 916 1345 920 —--

65 944 242 989 Servius
268 945 490 1004 Oppidius
515 947 679 992 Canusi
706 948 793 993 duo
818 950 1011 1006 praedia,
1039 950 1158 994 dives

62 1005 247 1063 antiquo
277 1021 419 1059 censu,
450 1007 599 1064 gnatis
629 1008 788 1052 divisse
817 1009 987 1054 duobus

65 1065 210 1109 fertur
230 1071 274 1110 et
296 1066 376 1111 hoc
399 1067 588 1112 moriens
612 1068 759 1125 pueris
782 1069 945 1114 dixisse
967 1071 1131 1115 vocatis
1370 1088 1422 1116 170

61 1124 118 1168 ad
144 1125 331 1170 lectum:
364 1126 608 1185 ‘postquam
636 1135 678 1172 te
706 1128 830 1181 talos,
858 1130 990 1183 Aule,
1019 1140 1232 1188 nucesque

63 1185 180 1229 ferre
200 1186 301 1230 sinu
322 1186 436 1239 laxo,
459 1187 620 1232 donare
640 1194 684 1232 et
703 1188 853 1233 ludere
874 1190 981 1243 vidi,

64 1251 120 1298 te,
150 1245 317 1299 Tiberi,
347 1262 586 1300 numerare,
616 1249 732 1292 cavis
759 1249 1018 1294 abscondere
1046 1252 1230 1304 tristem,

61 1305 264 1358 extimui,
297 1322 349 1350 ne
378 1322 452 1351 vos
481 1315 631 1365 ageret
659 1310 832 1354 vesania
862 1310 1038 1364 discors,

62 1371 111 1409 tu
138 1366 481 1420 Nomentanum,
507 1374 556 1412 tu
581 1384 634 1412 ne
658 1385 881 1426 sequerere
907 1371 1123 1415 Cicutam.
1367 1390 1419 1417 175

61 1440 195 1482 quare
222 1441 300 1484 per
326 1426 450 1471 divos
477 1434 625 1472 oratus
653 1435 834 1487 uterque
862 1431 1043 1475 Penatis

62 1491 112 1529 tu
132 1501 234 1530 cave
253 1501 307 1530 ne
329 1487 515 1540 minuas,
538 1494 587 1532 tu
608 1505 662 1532 ne
683 1490 826 1534 maius
847 1491 987 1535 facias
1008 1492 1055 1535 id

60 1545 177 1602 quod
198 1546 307 1590 satis
328 1562 417 1591 esse
439 1554 568 1605 putat
589 1555 713 1606 pater
734 1556 777 1593 et
800 1557 958 1595 natura
981 1559 1158 1597 coercet.

62 1611 284 1662 praeterea
310 1622 363 1650 ne
387 1622 461 1652 vos
486 1608 643 1652 titillet
667 1609 823 1667 gloria,
850 1611 946 1655 iure

62 1665 249 1710 iurando
277 1667 549 1725 obstringam
576 1669 729 1713 ambo:
766 1677 863 1714 uter
890 1672 1047 1716 aedilis
1074 1674 1265 1718 fueritve
1368 1692 1418 1718 180

63 1732 254 1770 vestrum
279 1734 468 1784 praetor,
494 1728 532 1772 is
557 1729 824 1774 intestabilis
849 1738 892 1775 et
916 1747 1034 1776 sacer
1059 1734 1181 1777 esto.'

153 1807 202 1856 Θ
215 1823 223 1844 :
238 1809 375 1844 aDE
467 1809 518 1858 ᾧ)
532 1824 540 1845 τ
557 1812 600 1846 Φ

155 1867 232 1904 156
257 1870 407 1915 emptae
430 1869 496 1917 Q,
521 1871 639 1917 empti
666 1873 698 1907 Φ
804 1873 1014 1910 octussibus
1039 1875 1129 1923 QQ
1154 1887 1277 1913 comm.
1301 1878 1423 1925 Oruq„

59 1917 132 1952 oct.
157 1915 305 1953 assibus
340 1917 426 1963 (sic)
452 1918 613 1963 Bland„
645 1922 731 1956 octo
762 1921 909 1957 assibus
935 1935 958 1963 ς
1081 1923 1157 1959 163
1187 1926 1317 1971 repetit
1347 1928 1423 1973 ipse

57 1964 161 2010 epist.
187 1967 227 2007 1,
247 1967 288 2009 6,
306 1967 358 2001 28
383 1965 430 2012 (si
450 1994 458 2002 .
480 1994 488 2002 .
509 1994 519 2003 .
537 1967 803 2013 temptantur),
836 1970 879 2006 ob
910 1981 1018 2007 renes
1045 1972 1155 2016 affert
1180 1974 1297 2010 Prisc.
1319 1977 1354 2019 6,
1374 1977 1423 2010 30

52 2013 194 2057 p.221‚
207 2015 256 2048 16
328 2013 563 2060 temptentur
579 2015 629 2063 Q
692 2044 701 2060 ,
720 2018 957 2063 temptantur
975 2031 997 2059 ς
1018 2020 1170 2066 (Prisc)
1254 2021 1330 2057 166
1356 2022 1422 2059 ba-

57 2059 234 2096 rathmne
263 2060 381 2110 ᾧῷ)
411 2061 524 2107 (dem
548 2063 602 2108 E)
672 2065 774 2111 orph.
808 2066 848 2110 (i.
874 2068 982 2104 schol.
1007 2070 1041 2103 Γ
1050 2069 1086 2104 V
1105 2080 1145 2114 p.
1168 2072 1250 2113 149,
1271 2073 1319 2106 18
1331 2074 1423 2117 sq),-

58 2106 253 2145 Balattoni
282 2109 339 2146 vel
368 2109 594 2147 Barathroni
626 2112 794 2149 dativum
824 2115 987 2152 nominis
1017 2118 1163 2162 proprii
1191 2118 1423 2164 interpretati

57 2159 146 2193 mot
181 2157 244 2202 (cf.
268 2159 312 2202 2,
331 2160 375 2202 8,
393 2161 458 2204 21)
497 2160 559 2196 1²⁸.
591 2160 728 2207 Porph.
755 2173 795 2207 p.
822 2165 912 2208 301,
938 2166 1000 2208 27,
1033 2166 1142 2201 schol.
1167 2167 1250 2202 PV
1269 2179 1309 2212 p.
1340 2170 1421 2211 149,

59 2206 222 2250 13—17;
255 2216 383 2242 verum
414 2206 570 2252 quidam
600 2207 733 2255 legunt
759 2210 982 2256 ‘barathro',
1014 2214 1058 2248 ut
1090 2214 1217 2250 veniat
1247 2226 1270 2250 a
1302 2216 1420 2251 nomi·

57 2251 186 2289 nativo
210 2251 412 2291 bsrathrun
431 2255 485 2292 Ps
509 2256 547 2292 P
611 2257 645 2293 h.
721 2257 799 2295 168
825 2259 988 2295 dives—
1005 2271 1118 2297 censu
1144 2262 1188 2298 ob
1207 2266 1421 2300 sententiam

57 2299 155 2338 Serv.
175 2301 268 2338 Aen.
290 2304 325 2346 7,
344 2305 418 2339 537
527 2303 576 2340 16
629 2304 770 2342 diuisae
794 2307 844 2354 Q
859 2306 911 2355 Q
930 2309 1125 2354 (Elam),
1153 2309 1328 2347 diuisisse
1353 2314 1425 2348 aF

58 2347 137 2383 176
155 2347 226 2385 hoc
243 2349 293 2395 Q
308 2349 360 2398 Q
379 2351 568 2398 (Ruunt),
587 2351 680 2389 hue
701 2365 723 2394 ς
798 2354 875 2391 174
894 2357 1107 2402 u(a)esania
1124 2357 1187 2406 (ᾗ),
1206 2358 1356 2395 insania
1373 2361 1423 2407 Q
