1586 2514
185 103 273 147 272
684 105 819 145 EPIST
858 110 873 144 Ι
902 114 954 145 12.
979 111 1031 143 13.

235 205 384 247 stellae
414 212 565 261 sponte
595 221 672 249 sua
702 207 895 250 iussaene
924 213 1135 264 vagentur
1165 212 1207 250 et
1237 214 1392 260 errent,

236 263 342 319 quid
362 270 531 320 premat
550 265 776 308 obscurum
795 266 937 317 lunae,
956 266 1063 322 quid
1082 267 1279 322 proferat
1298 266 1456 319 orbem,

236 322 343 378 quid
374 323 480 366 velit
511 330 555 367 et
585 325 721 381 possit
751 340 896 368 rerum
927 324 1155 368 concordia
1186 324 1360 377 discors,

183 396 218 422 ρο
240 382 520 438 Empedocles
541 399 598 426 an
621 383 883 427 Stertinium
905 384 1061 427 deliret
1082 399 1274 427 acumen.

236 456 384 485 verum
406 457 481 485 seu
505 442 637 499 piscis
659 458 733 486 seu
756 457 934 500 porrum
957 449 1000 486 et
1024 458 1150 499 caepe
1173 443 1376 496 trucidas,
1445 485 1449 488 ,

238 505 356 543 utere
382 500 592 557 Pompeio
619 501 819 559 Grospho
845 508 900 554 et,
928 502 1074 558 siquid
1100 507 1230 558 petet,
1259 502 1373 546 ultro

236 559 383 602 defer:
416 560 482 603 nil
507 560 732 617 Grosphus
757 561 843 604 nisi
868 577 1016 604 verum
1043 560 1185 604 orabit
1211 567 1254 605 et
1278 576 1471 618 aequom.

235 618 335 662 vilis
362 620 600 664 amicorum
627 626 691 664 est
717 636 900 672 annona,
929 620 1052 665 bonis
1079 619 1156 664 ubi
1183 619 1290 677 quid
1315 621 1446 665 deest.

182 693 216 719 25
236 693 289 721 ne
315 683 461 722 tamen
487 679 674 736 ignores,
703 695 788 736 quo
815 680 875 723 sit
901 680 1101 723 Romana
1127 680 1219 723 loco
1246 694 1335 724 res:

237 736 454 780 Cantaber
485 738 727 795 Agrippae,
762 739 920 782 Claudi
951 739 1114 783 virtute
1135 738 1332 783 Neronis

240 796 477 840 Armenius
503 797 682 850 cecidit3
716 798 784 841 ius
809 798 1126 855 imperiumque
1152 797 1362 842 Phraates

237 855 433 898 Caesaris
459 856 626 912 accepit
652 857 835 913 genibus
863 857 1028 910 minor;
1063 872 1192 900 aurea
1219 857 1370 912 fruges

238 914 394 957 Italiae
422 914 550 970 pleno
578 915 757 958 defudit
785 916 924 972 Copia
951 931 1096 958 cornu.

781 1069 923 1111 XIII.

235 1139 292 1181 Vt
321 1139 672 1195 proficiscentem
702 1140 829 1183 docui
857 1146 900 1183 te
927 1155 1052 1196 saepe
1080 1139 1256 1196 diuque,

236 1199 441 1254 Augusto
473 1198 624 1242 reddes
655 1198 828 1255 signata
858 1199 1094 1250 volumina,
1127 1198 1275 1249 Vinni‚

234 1256 272 1299 si
298 1257 483 1309 validus,
512 1257 549 1300 si
575 1257 714 1300 laetus
740 1257 838 1309 erit,
866 1257 904 1300 si
931 1256 1118 1314 denique
1143 1263 1287 1314 poscet
1300 1272 1310 1310 ;

236 1331 289 1359 ne
316 1316 464 1359 studio
493 1316 631 1360 nostri
660 1332 805 1373 pecces
834 1316 1067 1374 odiumque
1096 1315 1259 1359 libellis

199 1391 215 1416 5
233 1375 408 1418 sedulus
437 1375 631 1431 inportes
662 1390 790 1432 opera
818 1375 1067 1419 vehemente
1098 1375 1308 1418 minister.

239 1434 276 1477 si
301 1439 343 1477 te
367 1435 482 1477 forte
507 1450 624 1478 meae
650 1435 794 1490 gravis
819 1440 916 1478 uret
937 1435 1105 1478 sacrina
1127 1434 1300 1477 chartae

236 1493 398 1536 abicito
428 1493 587 1550 potius,
620 1509 751 1550 quam
781 1509 866 1551 quo
897 1494 1089 1550 perferre
1119 1492 1281 1536 iuberis

238 1552 421 1595 clitellas
453 1553 574 1596 ferus
606 1553 812 1609 inpingas
843 1553 1092 1609 Asinaeque
1124 1557 1353 1608 paternum

238 1626 475 1667 cognomen
500 1617 640 1655 vertas
668 1612 715 1654 in
742 1612 878 1655 risum
906 1618 950 1655 et
975 1610 1128 1655 fabula
1155 1611 1256 1654 fias.

185 1686 217 1711 10
236 1670 402 1713 viribus
429 1670 563 1714 uteris
590 1685 665 1727 per
691 1670 824 1713 clivos
848 1670 1041 1714 flumina
1066 1670 1214 1713 lamas.

235 1729 372 1772 victor
402 1729 616 1786 propositi
647 1729 778 1772 simul
808 1745 856 1772 ac
887 1728 1130 1786 perveneris
1159 1728 1278 1779 illuc,

235 1788 296 1830 sic
322 1789 514 1844 positum
540 1788 727 1832 servabis
754 1803 874 1840 onus,
902 1804 954 1831 ne
981 1789 1097 1830 forte
1119 1786 1200 1830 'sub
1226 1787 1296 1830 ala

275 1892 506 1938 &taaeflE
598 1892 778 1939 ΘεΒΦ

280 1974 329 2010 19
349 1975 548 2010 eoncordia
561 1975 700 2010 discors
714 1976 756 2011 ob
768 1977 926 2021 siqurum
939 1975 1038 2011 Don.
1051 1974 1128 2009 Ter.
1138 1974 1238 2008 Eun.
1248 1975 1318 2009 '721
1333 1973 1396 2018 (cf.
1411 1976 1529 2009 tamen

185 2022 326 2058 Lucan.
349 2026 381 2066 1,
401 2025 451 2058 98
480 2025 539 2058 Ov.
560 2027 638 2058 met.
660 2026 693 2065 1,
706 2026 778 2058 432
803 2027 835 2058 et
854 2023 958 2058 Laet.
978 2023 1061 2057 inst.
1081 2025 1117 2063 2,
1137 2024 1172 2063 9,
1193 2022 1255 2064 17)
1329 2019 1380 2055 20
1406 2020 1530 2056 sterti—

183 2069 285 2104 nium
309 2069 358 2116 Θ
374 2069 425 2116 Θ
451 2070 623 2114 (Βῑανιιῑ)
650 2071 832 2116 (Porplc),
858 2069 1053 2104 stertinum
1079 2068 1161 2103 Fu
1235 2066 1284 2102 27
1311 2067 1527 2113 p(h)ra(h)a-

182 2119 238 2183 tes
263 2118 412 2200 vgriavgt
436 2117 536 2153 codd.
558 2118 603 2161 cf.
624 2129 733 2153 carm.
747 2120 783 2160 2,
797 2119 833 2161 2,
847 2121 893 2153 17
965 2116 1016 2151 29
1042 2114 1189 2151 defudit
1206 2114 1255 2161 Q)
1270 2114 1331 2162 Θ,
1357 2114 1530 2150 defundit

185 2165 218 2198 A
319 2165 383 2200 lan
412 2192 418 2197 .

264 2166 342 2255 (13,
363 2211 386 2246 2
415 2167 550 2247 incides
575 2212 622 2258 (D
638 2212 705 2260 Θ,
737 2212 871 2248 reddas
897 2223 919 2251 ς
1039 2209 1144 2245 uinni
1176 2209 1302 2254 (uenni
1327 2210 1384 2255 Ε)
1408 2209 1457 2256 (D
1478 2209 1529 2256 Θ

184 2259 208 2293 6
235 2257 273 2293 Si
300 2279 344 2284 —-
371 2259 394 2294 8
426 2259 614 2305 impingas
646 2260 689 2294 ob
720 2259 907 2305 impingas
927 2268 998 2304 pro
1023 2256 1223 2303 impingito
1251 2257 1396 2302 (maleo
1422 2257 1529 2301 affert

184 2307 299 2342 Prisc.
323 2309 381 2349 18,
402 2309 449 2341 50
469 2318 507 2351 p.
527 2309 614 2350 229,
633 2309 658 2342 8
778 2307 802 2342 6
827 2306 911 2340 uret
935 2305 997 2350 (-it
1021 2305 1072 2350 E)
1096 2304 1145 2350 (D
1167 2303 1234 2351 Θ,
1266 2305 1351 2339 urat
1376 2304 1527 2348 (Prisc.)

184 2353 232 2387 10
247 2352 396 2387 Viribus
412 2375 454 2379 —
473 2354 520 2388 12
540 2365 632 2388 onus
652 2355 694 2389 ob
713 2354 780 2397 fut.
797 2365 867 2398 pro
887 2354 1049 2397 imperat.
1066 2353 1180 2388 Prisc.
1196 2354 1252 2394 18,
1266 2354 1314 2386 50
1326 2362 1366 2396 p.
1379 2353 1467 2394 229,
1482 2353 1528 2386 12
