1586 2514
196 104 252 146 62
542 153 551 159 ἡ
731 104 875 140 OARM.
902 105 936 140 11
958 108 1010 141 13.

410 212 452 246 et
479 202 694 259 quidquid
723 219 903 259 usquam
931 203 1175 259 coneipitur
1201 204 1325 246 nefas

199 277 232 302 ιο
411 262 629 313 tractavit,
658 278 763 319 agro
790 263 867 319 qui
893 263 1051 305 statuit
1078 278 1171 305 meo

463 327 518 373 te,
551 322 676 365 triste
706 322 891 378 lignum,
923 328 979 373 te,
1011 321 1218 365 caducum

516 381 563 424 in
593 381 760 424 domini
791 387 921 437 eaput
951 380 1217 424 inmerentis.

408 499 517 556 quid
537 501 720 555 quisque
738 500 862 550 vitet,
885 515 1120 556 numquam
1142 499 1308 543 homini
1329 499 1435 543 satis
1462 536 1465 539 Α

410 564 586 602 cautum
610 564 674 602 est
695 558 745 602 in
767 558 916 602 horas:
947 559 1095 602 navita
1120 559 1361 615 Bosporum

202 634 234 659 15
467 618 639 661 Poenus
670 618 956 674 perhorrescit
987 634 1124 674 neque
1156 618 1272 662 ultra

519 693 641 720 caeca
662 678 790 720 timet
809 677 986 721 aliunde
1008 678 1116 730 fata,

412 796 537 839 miles
568 796 753 852 sagittas
782 802 825 839 et
854 796 1033 839 celerem
1064 797 1220 852 fugam

414 855 584 907 Parthi,
616 861 787 898 catenas
817 855 1007 899 Parthus
1037 861 1080 899 et
1112 856 1276 899 Italum

466 914 620 968 robur;
647 914 722 958 sed
744 915 965 971 inprovisa
985 915 1063 958 leti

199 990 234 1016 20
517 974 583 1017 vis
607 974 755 1030 rapuit
778 974 1002 1030 rapietque
1025 974 1180 1030 gentis.

411 1108 543 1148 quam
571 1108 707 1149 paene
733 1093 887 1136 furvae
914 1108 1045 1149 regna
1074 1093 1359 1149 Proserpinae

413 1157 456 1195 et
480 1151 748 1195 iudicantem
771 1151 962 1195 vidimus
986 1152 1181 1196 Aeacum

464 1211 670 1268 sedesque
692 1211 923 1267 disoriptas
946 1212 1119 1267 piorum
1143 1217 1186 1254 et

521 1271 692 1314 Aeoliis
722 1270 892 1313 fidibus
922 1276 1172 1326 querentem

202 1405 236 1431 25
417 1389 594 1445 Sappho
619 1389 775 1445 puellis
800 1389 852 1431 de
876 1388 1161 1445 popularibus

415 1454 458 1491 et
478 1454 521 1491 te
539 1454 764 1492 sonantem
784 1448 955 1505 plenius
976 1463 1119 1500 aureo,

470 1508 643 1560 Aloaee,
675 1507 839 1564 plectro
868 1507 977 1551 dura
1007 1507 1143 1559 navis,

522 1567 631 1611 dura
658 1568 792 1623 fugae
820 1567 947 1618 mala,
976 1567 1085 1610 dura
1113 1567 1230 1609 belli.

418 1693 650 1742 utrumque
675 1701 794 1729 sacro
819 1686 957 1742 digna
983 1685 1156 1728 silentio

205 1761 241 1787 30
420 1745 638 1788 mirantur
655 1745 831 1788 umbrae
848 1745 1003 1797 dicere,
1020 1744 1095 1788 sed
1113 1745 1254 1800 magis

470 1819 640 1861 pugnas
661 1810 704 1847 et
724 1810 894 1848 exactos
915 1810 1124 1859 tyrannos

524 1864 704 1907 densum
734 1863 895 1906 umeris
924 1863 1038 1906 bibit
1066 1879 1168 1907 aure
1195 1864 1360 1920 volgus.

301 1981 579 2027 OEzABDE
671 1979 850 2027 Qum>
875 1981 1091 2024 (=F1·.l7c)

304 2075 352 2110 15
377 2075 522 2111 Poenus
546 2075 595 2122 ᾧ
611 2075 662 2122 ᾧ)
685 2076 833 2120 Porph„
857 2074 1009 2120 Thynus
1035 2074 1252 2110 Lachmann
1371 2073 1421 2109 16
1444 2074 1554 2110 timet

207 2124 255 2170 Θ
272 2123 332 2171 ᾧ,
358 2123 512 2159 timetve
537 2122 755 2159 Lachmann
874 2121 923 2157 21
950 2123 994 2158 ob
1018 2121 1148 2157 furvae
1172 2121 1268 2158 Serv.
1293 2133 1409 2169 yeorq.
1434 2124 1553 2167 3,407

208 2175 240 2207 et
265 2171 421 2216 (omissis
446 2169 487 2213 Q.
513 2171 563 2215 p.)
588 2171 788 2216 Aqroecius
810 2181 961 2216 yramm.
989 2170 1071 2206 VII
1085 2171 1166 2212 125,
1180 2172 1227 2204 10
1321 2168 1372 2204 28
1398 2168 1553 2216 discrip—

208 2220 267 2254 ωε
292 2218 421 2263 (discr-
446 2218 526 2254 AB
557 2217 680 2254 descr-
705 2217 866 2254 DERn
898 2217 1031 2262 Porph.
1058 2217 1158 2253 codd.
1184 2218 1250 2262 ter)
1273 2216 1322 2300 lq?
1339 2216 1389 2264 ᾧ)
1420 2217 1552 2263 ΡοΨΙι.

209 2267 253 2310 cf.
281 2266 459 2302 B‘t‘t'cheler
484 2265 614 2302 Rhein.
642 2267 742 2301 Mus.
770 2268 827 2309 13,
840 2267 921 2301 603.
950 2267 1033 2309 644,
1068 2264 1248 2300 discretas
1314 2265 1354 2299 21
1379 2265 1490 2308 (deest
1514 2267 1552 2309 δ)

210 2314 260 2396 ΞΘ
295 2314 419 2396 (guina
450 2314 533 2349 inst.
561 2317 625 2357 10,
647 2317 684 2356 1,
705 2316 751 2348 63
782 2313 941 2348 Alcaeus
968 2340 976 2348 .
1004 2340 1010 2346 .
1038 2340 1045 2347 .
1075 2312 1201 2347 ‘aureo
1231 2310 1388 2357 pleotro’
1421 2313 1553 2348 merito

237 2372 308 2397 ona
327 2372 371 2396 ur
