1586 2514
195 78 286 120 254
758 75 902 112 ErlsT.
928 76 943 111 l
971 80 1002 112 7.

248 195 346 222 cum
378 180 607 236 Zephyris,
637 180 673 223 si
701 180 914 230 concedes,
943 185 987 222 et
1013 179 1246 223 hirundine
1273 179 1427 236 primu.

247 254 332 282 non
360 254 446 295 quo
474 253 591 283 more
618 239 727 295 piris
755 239 866 282 vesci
893 239 1078 282 Calaber
1104 239 1225 283 iubet
1252 239 1401 295 hospes
1472 240 1474 242 ’

196 314 227 338 ιη
248 303 295 340 tu
327 313 393 340 mc
422 298 570 341 fecisti
598 298 880 354 locupletem:
916 297 1106 350 ‘vescerc‚
1135 298 1270 341 sodes’

248 356 348 399 ‘iam
373 357 479 400 satis
504 357 581 400 est'
608 357 667 400 ‘at
693 363 755 408 tu,
781 363 994 412 quantum
1019 357 1096 408 vis,
1122 357 1240 400 tolle’
1266 356 1479 412 ‘benigno’

249 416 348 458 ‘non
378 416 518 458 invisa
545 417 659 458 feres
686 417 832 472 pueris
860 416 1114 459 munuscula
1140 415 1299 472 parvis'

249 474 351 518 ‘tam
382 481 529 518 teneor
556 475 681 526 dono,
710 490 840 530 quam
867 475 904 517 si
931 474 1133 518 dimittar
1160 474 1352 518 onustus'

249 533 311 576 ‘ut
340 534 472 576 libet:
507 534 607 576 haec
634 534 773 589 porcis
801 533 927 576 hodie
950 534 1212 577 comedenda
1238 533 1482 590 relinques?

195 608 230 634 20
249 593 459 649 prodigus
489 599 531 636 et
559 594 718 636 stultus
745 593 878 635 donat
905 608 1014 648 quae
1042 593 1207 649 spernit
1235 599 1278 636 et
1305 593 1422 636 odit:
1455 624 1459 627 ψ

249 653 349 694 haec
383 668 502 708 seges
533 652 728 708 ingratos
760 652 865 695 tulit
896 659 938 694 et
969 653 1081 695 feret
1112 651 1312 695 omnibus
1342 652 1479 695 annis.

249 712 315 753 vir
349 712 483 754 bonus
514 718 556 754 et
586 712 755 767 sapiens
784 711 932 767 dignis
962 711 1026 754 ait
1057 727 1143 755 esse
1174 718 1349 768 paratus

250 786 324 813 nec
359 777 503 814 tamen
535 771 723 827 ignorat,
756 771 863 826 quid
896 771 1058 814 distent
1090 786 1188 814 aera
1219 770 1397 827 lupinis.

248 830 432 886 dignum
460 830 686 886 praestabo
710 845 777 872 me
801 830 933 872 etiam
959 845 1036 886 pro
1060 830 1187 873 laude
1212 830 1427 873 merentis.

193 905 226 930 25
245 889 400 945 quodsi
433 905 500 931 me
529 889 647 931 noles
677 904 856 944 usquam
886 889 1295 940 discedere‚·reddes

246 950 362 991 forte
391 949 518 998 latus,
547 948 695 1003 nigros
721 954 905 1003 angusta
932 949 1076 990 fronte
1104 948 1295 1004 capillos,

247 1007 397 1050 reddes
426 1007 549 1049 dulce
576 1006 710 1062 loqui,
739 1006 888 1049 reddes
915 1007 1054 1050 ridere
1080 1006 1282 1050 decorum
1309 1013 1352 1049 et

246 1066 361 1109 inter
384 1066 485 1109 vina
508 1067 662 1122 fugam
685 1066 869 1108 Cinarae
892 1081 1078 1108 maerere
1100 1072 1334 1121 protervae.

246 1126 361 1168 forte
394 1141 470 1181 per
501 1131 730 1180 angustam
762 1125 905 1167 tenuis
936 1125 1158 1180 volpecula
1189 1125 1344 1168 rimam

193 1200 228 1226 30
248 1189 437 1240 repserat
466 1184 513 1226 in
541 1199 756 1226 cumeram
785 1184 1012 1234 frumenti,
1042 1190 1248 1240 pastaque
1276 1199 1421 1227 rursus

246 1243 310 1286 ire
335 1244 452 1286 foras
476 1243 603 1299 pleno
626 1242 829 1285 tendebat
851 1257 1026 1299 corpore
1047 1243 1226 1286 frustra.

248 1303 317 1345 cui
350 1303 532 1345 mustela
559 1302 708 1358 procul
737 1301 786 1344 ‘si
815 1301 894 1344 vis'
923 1302 987 1344 ait
1015 1302 1230 1358 ‘effugere
1258 1302 1400 1353 istinc,

247 1377 390 1405 macra
419 1377 565 1405 cavom
593 1367 756 1416 repetes
783 1367 941 1412 artum,
970 1376 1097 1417 quem
1125 1377 1267 1404 macra
1294 1361 1462 1404 subisti.

247 1422 324 1464 hac
356 1436 435 1477 ego
463 1421 501 1464 si
531 1420 748 1476 conpellor
779 1421 984 1476 imagine,
1014 1426 1168 1463 cuncta
1198 1420 1393 1477 resigno:

192 1496 227 1522 35
247 1495 322 1524 nec
348 1496 547 1523 somnum
573 1479 712 1537 plebis
736 1479 866 1522 laudo
892 1486 1012 1522 satur
1036 1479 1227 1523 altilium
1253 1495 1328 1523 nec

246 1540 336 1583 otia
368 1539 538 1583 divitiis
568 1539 767 1582 Arabum
798 1538 1020 1582 liberrima
1051 1544 1184 1583 muto.

285 1632 516 1679 &aava
607 1631 790 1679 59:1³4>

288 1716 337 1751 15)
363 1715 548 1759 relinques
568 1715 664 1760 (-ens
686 1713 750 1758 Αἵ)
776 1714 824 1760 Θ
841 1714 902 1761 Θ,
928 1713 1107 1759 relinquis
1134 1714 1217 1749 Fu
1288 1713 1335 1749 21
1363 1715 1406 1751 ob
1431 1725 1538 1760 seges

192 1764 287 1799 Serv.
310 1764 400 1799 Aen.
427 1766 466 1806 3,
488 1765 558 1798 142
676 1761 842 1808 ingratos
877 1763 945 1807 (-t-o
971 1763 1008 1800 ὃ)
1041 1762 1089 1809 Θ
1111 1762 1162 1810 Θ
1195 1761 1346 1807 (Sera),
1379 1761 1537 1808 ingratis

193 1812 276 1846 Fu
352 1810 401 1845 22
427 1812 470 1846 ob
495 1821 588 1844 nom.
608 1820 636 1844 c.
658 1811 725 1853 inf.
748 1810 887 1845 Charis.
907 1821 1058 1856 yramm.
1079 1811 1106 1845 Ι
1119 1812 1206 1852 267,
1226 1812 1249 1845 5
1273 1809 1370 1846 Serv.
1389 1810 1481 1846 Aen.
1500 1813 1538 1853 2,

191 1862 265 1895 377
338 1858 392 1893 ait
415 1859 464 1904 (D
480 1858 530 1905 Θ
553 1858 659 1893 schol.
686 1859 727 1900 Γ,
754 1856 834 1902 agit
860 1856 972 1892 Fue
1054 1856 1103 1892 25
1129 1856 1232 1893 noles
1256 1857 1320 1904 Θ,
1345 1856 1463 1893 nolles
1486 1857 1537 1905 Θ

192 1906 242 1941 28
277 1906 456 1950 cinar(a)e
490 1910 605 1950 (-erae
638 1905 693 1948 E)
727 1905 775 1951 Q)
803 1903 870 1951 Θ,
909 1904 1088 1950 cinyr(a)e
1121 1905 1175 1940 vel
1207 1904 1302 1940 -irae
1338 1904 1420 1940 Fu

192 1953 242 1988 :39
268 1954 378 1988 Forte
405 1974 447 1979 ——
474 1952 651 1987 frumenti
683 1952 726 1986 ob
758 1962 906 1986 cumera
936 1952 1041 1988 schol.
1072 1952 1141 1988 TV
1163 1952 1214 1987 ad
1242 1953 1344 1988 serm.
1371 1955 1410 1996 1,
1429 1955 1469 1996 1,
1489 1955 1536 1988 53

238 2000 438 2046 uulpecula
456 1999 566 2047 ΘΘ
582 2000 715 2044 Porph.
737 1999 803 2043 (ad
827 2011 858 2035 v.
880 2002 918 2043 1)
943 2000 1066 2043 (schol.
1081 2000 1153 2035 FV
1168 2000 1219 2035 ad
1241 2010 1343 2035 ser-m.
1363 2002 1398 2043 1,
1418 2003 1451 2042 1,
1471 2003 1534 2044 53)

192 2049 286 2094 Auy.
308 2059 336 2084 c.
357 2048 472 2084 mend.
495 2051 550 2091 13,
569 2050 620 2082 28
636 2045 684 2092 ¹1²·
707 2049 791 2090 509,
810 2050 833 2082 4
867 2047 992 2094 Zycha
1018 2048 1119 2090 (inde
1143 2047 1233 2083 leid.
1254 2047 1342 2094 oriq.
1364 2050 1396 2090 1,
1415 2050 1474 2091 40,
1494 2049 1534 2092 6)

193 2096 318 2141 Cyrill.
339 2096 478 2141 apoloy.
499 2098 535 2138 2,
555 2098 599 2130 11
607 2109 620 2138 ;
646 2095 690 2138 cf.
714 2094 817 2129 Hier.
844 2097 944 2139 epist.
968 2097 1026 2137 79,
1046 2097 1069 2129 3
1090 2106 1127 2139 p.
1150 2096 1220 2130 726
1246 2094 1392 2141 Miyne:
1425 2094 1536 2130 docet

191 2145 229 2178 et
248 2142 414 2188 Aesopi
440 2142 580 2186 fabula,
605 2141 757 2187 plenum
783 2141 920 2176 muris
947 2144 1110 2177 ventrem
1136 2152 1202 2187 per
1219 2142 1420 2187 angustum
1436 2141 1536 2182 fora.-

190 2202 274 2226 men
301 2191 427 2236 egredi
453 2201 527 2224 non
544 2188 685 2232 valere;
711 2190 862 2225 coniecit
885 2189 1053 2224 nitedula
1074 2190 1236 2235 Bentley,
1261 2192 1301 2224 at
1324 2189 1535 2226 concluden-

191 2239 277 2274 dum
303 2242 380 2274 erat
403 2249 517 2285 genus
540 2238 699 2273 murium
725 2239 919 2283 ayrestium
950 2237 1157 2282 vulpoeulas
1190 2238 1304 2281 tuisse
1331 2236 1537 2282 'appellatas

191 2285 243 2321 30
274 2296 460 2321 cumeram
485 2285 532 2331 (D
550 2284 599 2331 Θ
629 2285 763 2329 Porph.
782 2285 888 2320 schol.
910 2285 983 2320 ΓΡ*
1003 2284 1052 2319 ad
1075 2295 1176 2320 serm.
1197 2287 1237 2327 1,
1257 2287 1296 2327 1,
1316 2286 1381 2327 53,
1413 2294 1536 2319 eame-

192 2344 269 2368 ram
296 2346 350 2372 πς
423 2332 601 2367 frumenti
625 2332 673 2378 Θ
690 2331 740 2379 Θ
764 2333 911 2378 Porph„
937 2331 1120 2377 pulmenti
1146 2331 1317 2367 Hauthal
