1586 2514
619 80 760 118 SERM.
787 80 803 116 1
823 85 856 118 2,
1329 76 1413 120 173

697 203 762 248 11.

55 289 410 335 Ambubaiarum
436 289 636 347 collegia,
664 286 1039 346 pharmacopolae,

56 349 260 403 mendici,
287 349 461 403 mimae,
490 349 750 400 balatrones,
777 346 856 391 hoc
881 360 1020 404 genus
1046 360 1172 390 omne

55 415 269 455 maestum
296 424 345 454 ac
375 409 616 454 sollicitum
642 413 708 452 est
732 406 924 451 cantoris
952 411 1092 450 morte
1121 403 1300 462 Tigelli.

54 469 220 528 quippe
242 469 459 527 benignus
483 475 589 513 erat.
621 473 773 512 contra
795 466 879 519 hic,
903 481 957 510 ne
979 464 1192 523 prodigus
1214 479 1304 508 esse

55 529 228 580 dicatur
250 535 462 582 metuens,
490 527 614 586 inopi
636 526 740 571 dare
762 526 877 571 nolit
898 525 1055 579 amico,
1392 539 1410 566 5

54 589 203 648 frigus
230 604 319 648 quo
349 589 590 646 duramque
617 587 785 631 famem
814 585 1056 644 propellere
1084 584 1235 643 possit.

56 649 171 695 huno
198 649 237 694 si
268 648 549 708 perconteris,
578 646 650 692 avi
677 662 756 691 cur
783 653 916 703 atque
945 645 1142 704 parentis

55 709 322 767 praeclaram
350 708 528 766 ingrata
555 706 748 763 stringat
773 705 917 750 malus
944 705 1144 762 ingluvie
1171 720 1277 755 rem,

57 769 205 813 omnia
231 768 459 813 conductis
485 782 682 812 coemens
711 765 892 810 obsonia
919 764 1137 809 nummis:

55 828 259 873 sordidus
288 834 420 885 atque
452 826 592 872 animi
620 825 739 884 quod
769 825 894 883 parvi
925 824 1040 869 nolit
1070 823 1236 876 haberi,
1378 838 1412 865 ιο

57 887 300 946 respondet.
339 886 547 932 laudatur
575 886 631 931 ab
660 886 743 938 his,
773 885 978 943 culpatur
1006 884 1060 928 ab
1090 883 1195 927 illis.

56 947 274 992 Fufidius
304 962 472 1005 vappae
504 946 672 991 famam
704 946 834 989 timet
864 960 914 989 ac
945 943 1189 996 nebulonis,

56 1007 177 1052 dives
201 1007 335 1068 agris,
363 1006 485 1050 dives
507 1005 664 1064 positis
688 1004 738 1049 in
762 1005 941 1049 faenore
965 1004 1172 1048 nummis.

57 1067 215 1124 quinas
245 1067 316 1111 hic
347 1065 483 1123 capiti
513 1065 728 1109 mercedes
758 1070 929 1109 exsecat
957 1069 1089 1121 atque

57 1132 223 1184 quanto
248 1125 466 1184 perditior
491 1125 675 1183 quisque
702 1130 780 1177 est,
809 1130 932 1168 tanto
958 1124 1102 1168 acrius
1129 1129 1280 1180 urget;
1380 1138 1413 1165 ιε

59 1186 238 1231 nomina
266 1191 459 1230 sectatur
490 1184 619 1230 modo
648 1190 825 1242 sumpta
853 1189 971 1228 veste
1001 1182 1122 1227 virili

57 1246 138 1291 sub
168 1245 371 1304 patribus
401 1245 525 1290 duris
554 1244 763 1290 tironum.
806 1242 1026 1288 ‘maxime'
1057 1243 1158 1300 quis
1189 1258 1276 1287 non

58 1305 293 1364 ‘Iuppiter'
317 1305 533 1350 exclamat
555 1304 689 1349 simul
713 1310 844 1361 atque
868 1303 1075 1348 audivit?
1109 1302 1168 1347 ‘at
1191 1302 1241 1347 in
1264 1318 1308 1346 se

59 1381 139 1424 pro
155 1371 342 1423 quaestu
362 1371 586 1422 sumptum
606 1364 719 1408 facit
739 1363 840 1408 hie!
868 1363 944 1407 vix
962 1363 1135 1407 credere
1155 1362 1307 1420 possis,

57 1442 191 1483 quam
212 1425 301 1470 sibi
327 1440 415 1469 non
437 1425 496 1469 sit
518 1424 698 1476 amicus,
723 1423 801 1476 ita,
828 1429 878 1467 ut
902 1429 1027 1480 pater
1050 1422 1140 1475 ille,
1169 1422 1347 1466 Terenti
1378 1437 1414 1464 20

58 1485 214 1530 fabula
239 1501 372 1542 quem
401 1484 608 1528 miserum
635 1489 772 1541 gnato
798 1483 960 1527 vixisse
988 1483 1148 1539 fugato

59 1545 247 1597 inducit,
276 1559 364 1588 non
391 1559 438 1588 se
463 1543 588 1601 peius
616 1542 875 1587 cruciaverit
903 1549 1042 1600 atque·
1062 1542 1145 1586 hic.

58 1605 198 1662 siquis
219 1619 334 1648 nunc
358 1609 539 1661 quaerat
560 1602 659 1660 ‘quo
681 1618 748 1646 res
771 1602 873 1647 haec
896 1603 1087 1660 pertinet
1103 1602 1137 1643 ?’
1170 1602 1301 1645 illuc:

59 1664 167 1709 dum
193 1664 340 1708 vitant
366 1663 495 1707 stulti
523 1662 647 1714 vitia,
678 1662 726 1706 in
755 1662 973 1706 contraria
1003 1668 1197 1705 currunt.

59 1723 281 1768 Maltinus
311 1722 474 1766 tunicis
502 1721 703 1766 demissis
732 1722 954 1774 ambulat,
992 1727 1057 1765 est
1085 1721 1163 1777 qui
1380 1737 1416 1763 ‘25

62 1784 230 1842 inguen
253 1782 310 1827 ad
335 1782 593 1826 obscaenum
617 1781 846 1826 subductis
874 1797 1031 1838 usque;
1066 1780 1236 1824 facetus

154 1888 483 1936 &aBDEK
576 1886 760 1935 &9:124

156 1971 197 2020 2,
218 1972 239 2008 1
267 1971 486 2008 adiunctum
509 1974 561 2008 eet
590 1981 736 2008 carmen
755 1971 882 2018 priori
904 1971 946 2006 in
970 1970 1019 2017 Ε)
1036 1969 1087 2018 Θ
1116 1981 1181 2006 nec
1210 1974 1347 2007 certum
1369 1981 1422 2006 se-

113 2021 272 2058 rationis
308 2020 498 2067 vestiqium
535 2022 637 2056 extat
679 2019 783 2065 apud
820 2018 979 2064 Porph.,·
1021 2023 1286 2064 separaverunt
1321 2018 1398 2054 aK
1401 2030 1423 2058 ς

61 2033 381 2115 ξαδωαιαὼουεε
399 2065 704 2115 ΘΘ(Ροτρ1ι.),
732 2067 889 2113 ‘legitur
907 2067 946 2103 et
964 2066 1199 2103 baratrones’
1222 2066 1331 2103 schol.
1352 2068 1387 2102 Γ
1394 2067 1426 2103 V

62 2116 88 2153 8
111 2115 238 2164 tigoni
261 2116 311 2164 (D
336 2116 521 2162 (Porph.),
545 2114 670 2162 tegilli
695 2115 750 2159 R,
781 2115 809 2150 ti
843 2113 898 2150 'lli
926 2115 957 2150 Φ
1077 2115 1102 2150 6
1134 2114 1177 2151 ob
1207 2115 1424 2151 sententiam

62 2165 172 2210 affert
194 2165 301 2202 schol.
328 2165 409 2201 1uv.
437 2166 496 2207 14,
514 2165 589 2199 273
679 2162 811 2210 propel
829 2173 890 2198 ere
914 2162 980 2210 (D,
1011 2162 1200 2209 depellere
1300 2163 1424 2204 ‹ec-hol.

61 2213 163 2259 Iun.)
271 2211 320 2249 12
349 2211 515 2248 Fufidius
538 2211 655 2259 (DE,
695 2211 869 2247 Fusidius
903 2212 946 2255 Φ,
983 2210 1158 2247 Futidius
1190 2211 1226 2247 B
1283 2210 1423 2247 Blami.

62 2260 113 2297 18
140 2262 202 2306 (==
217 2272 281 2298 ars
297 2264 389 2307 poet.
409 2262 496 2303 421)
523 2258 651 2296 delevit
669 2259 861 2303 Sanadon,
885 2269 962 2295 non
980 2260 1270 2306 interpretantur
1288 2259 1425 2295 scholia

64 2308 114 2345 1⁹
144 2308 207 2345 bic
237 2309 387 2371 QRx,
423 2307 495 2343 hoc
529 2308 561 2342 Φ
657 2307 707 2344 25
740 2306 976 2353 Malt(h)inus
1015 2307 1173 2355 ΕΚΘ,
1211 2306 1424 2342 Malchinus

62 2356 206 2403 (Mach-
232 2357 290 2401 Ε)
315 2355 436 2392 aDE
