1586 2514
187 113 276 156 234
638 76 642 81 ι
739 113 880 150 smmi.
904 113 938 149 11
957 118 989 150 ⁵

240 211 349 254 ‘dixi
375 206 576 268 equidem
601 217 644 255 et
669 211 790 254 dico:
822 217 965 268 captes
989 218 1158 255 astutus
1184 212 1343 270 ubique

241 276 498 314 testamenta
523 286 673 313 senum
697 286 795 322 neu,
822 270 859 314 si
884 272 1007 314 vafer
1032 287 1142 314 unus
1168 278 1211 314 et
1235 272 1344 315 alter

187 344 222 371 25
240 329 542 373 insidiatorem
574 345 774 386 praeroso
805 330 975 386 fugerit
1008 330 1148 381 hamo,

240 394 317 431 aut
348 404 467 444 spem
499 389 688 445 deponas
720 395 798 432 aut
829 395 965 432 artem
999 389 1165 432 inlusus
1198 390 1386 433 omittas.

243 464 399 503 magna
422 447 615 490 minorve
636 448 734 490 foro
755 448 792 490 si
814 463 879 491 res
901 449 1137 491 certabitur
1159 449 1288 492 olim:

240 506 355 549 vivet
385 513 480 549 uter
507 506 695 562 locuples
723 507 815 550 sine
841 508 1003 574 gnatis3
1030 507 1250 563 inprobus,
1279 507 1394 551 ultro

240 565 317 621 qui
347 565 569 608 meliorem
597 565 740 608 audax
769 571 889 608 vocet
916 566 965 608 in
991 566 1073 617 ius,
1103 565 1224 609 illius
1252 573 1342 610 esto

188 639 224 665 30
242 624 467 676 defensor;
508 625 630 667 fama
660 624 796 668 civem
828 640 1039 681 causaque
1069 625 1256 681 priorem

240 699 406 739 sperne,
434 659 553 726 domi
578 684 615 726 si
641 680 800 740 gnatus'
825 684 908 727 erit
933 684 1171 727 fecundave
1196 684 1368 728 coniux.

243 742 463 792 “Quinte”
473 745 579 798 puta
592 742 690 784 aut
695 742 865 785 ‘Publi'’
883 741 1087 799 (gaudent
1098 746 1368 798 praenomine
1379 745 1529 787 molles

241 802 483 857 auriculae)
513 802 624 845 “tibi
650 818 717 845 me
743 803 882 846 virtus
907 809 983 846 tua
1009 803 1118 846 fecit
1142 803 1342 847 amicum.

242 862 310 904 ius
336 877 494 929 anceps
515 862 630 913 novi,
659 877 805 905 causas
831 862 1062 905 defendere
1088 877 1284 918 possum;

189 936 223 962 35
243 920 400 976 eripiet
420 921 563 977 quivis
585 921 728 964 oculos
750 920 880 965 citius
901 921 1011 964 mihi
1031 935 1161 977 quam
1184 927 1226 964 te

242 986 539 1036 contemptum
561 995 678 1023 cassa
699 995 805 1023 nuce
808 986 1057 1058 pauperet;
1088 980 1190 1024 haec
1212 996 1305 1024 mea
1327 996 1428 1024 cura
1450 987 1526 1032 est,

243 1039 403 1094 nequid
428 1045 477 1082 tu
499 1039 653 1095 perdas
676 1055 760 1082 neu
782 1039 841 1082 sis
864 1039 1011 1082 iocus!
1015 1039 1122 1082 'ire
1146 1039 1322 1083 domum
1345 1046 1475 1096 atque

242 1097 492 1154 pelliculam
518 1113 666 1141 curare
691 1098 815 1151 iube;
849 1099 889 1141 si
913 1099 1111 1154 cognitor
1135 1098 1240 1155 ipse,

242 1163 385 1213 persta
411 1163 540 1213 atque
566 1157 755 1200 obdura:
788 1173 861 1200 seu
888 1157 1016 1200 rubra
1043 1157 1254 1201 Canicula
1278 1157 1427 1203 findet.

189 1231 224 1257 40
243 1216 431 1259 infantis
463 1222 641 1267 statuas,
674 1232 748 1259 seu
779 1216 936 1272 pingui
968 1222 1112 1259 tentus
1144 1231 1288 1260 omaso

243 1275 408 1318 Furius
433 1274 660 1318 “hibernas
686 1290 792 1318 cana
817 1275 914 1318 nive
942 1280 1148 1331 conspuet
1171 1274 1348 1332 Alpis.''

243 1334 411 1377 “nonne
437 1334 587 1377 vides''
614 1334 774 1390 aliquis
802 1334 948 1377 cubito
975 1340 1161 1378 stantem
1187 1350 1320 1391 prope
1348 1341 1529 1390 tangens

242 1393 427 1449 inquiet,
456 1393 533 1436 “ut
557 1394 739 1450 patiens,
769 1399 818 1436 ut
842 1393 994 1436 amicis
1019 1399 1159 1451 aptus,
1188 1400 1237 1436 ut
1262 1409 1358 1437 acer
1374 1393 1423 1434 ?''

242 1453 387 1508 plures
412 1452 637 1497 adnabunt
660 1452 819 1508 thynni
845 1459 888 1495 et
911 1453 1071 1495 cetaria
1095 1459 1293 1496 crescent.

190 1527 223 1553 45
242 1512 352 1554 sicui
385 1518 605 1568 praeterea
634 1511 804 1555 validus
836 1511 948 1555 male
978 1511 1107 1555 filius
1136 1512 1184 1556 in
1214 1527 1259 1554 re

244 1571 462 1627 praeclara
491 1571 688 1614 sublatus
715 1571 869 1622 aletur,
901 1586 954 1614 ne
982 1571 1265 1614 manifestum

244 1630 421 1673 caelibis
449 1630 702 1687 obsequium
728 1629 863 1673 nudet
890 1635 945 1681 te,
973 1629 1128 1674 leniter
1154 1629 1202 1673 in
1228 1645 1348 1687 spem

242 1690 400 1746 adrepe
428 1690 674 1741 officiosus,
703 1695 752 1733 ut
779 1695 822 1732 et
847 1689 1268 1733 scribaresssecundus

244 1749 363 1792 heres
391 1755 447 1800 et,
477 1749 615 1805 siquis
642 1764 763 1792 casus
790 1764 971 1805 puerum
999 1749 1138 1806 egerit
1165 1748 1290 1800 Orco,

190 1823 227 1850 5ο
245 1808 294 1851 in
316 1823 495 1851 vacuom
518 1808 689 1851 venias·
720 1823 895 1864 perraro
919 1808 1021 1851 haec
1044 1808 1136 1851 alea
1160 1808 1294 1851 fallit.

242 1867 321 1923 qui
346 1872 653 1910 testamentum
678 1867 820 1910 tradet
844 1866 929 1909 tibi
953 1882 1133 1923 cumque
1157 1866 1401 1923 legendum,

284 1959 503 2005 Q:aDE
594 1958 726 2006 ΘιΦ

286 2039 338 2077 24
362 2052 434 2077 neu
458 2042 507 2088 Q
529 2041 595 2089 Θ,
622 2052 684 2076 seu
712 2042 752 2077 F
843 2041 893 2076 26
919 2042 962 2077 ob
988 2041 1137 2078 ‘omitto
1163 2069 1171 2076 .
1193 2070 1200 2076 .
1222 2068 1230 2076 .
1256 2052 1323 2087 pro
1348 2041 1533 2077 ommitto’

192 2089 306 2124 Prisc.
325 2092 362 2132 2,
382 2092 405 2124 5
423 2101 465 2134 p.
485 2092 544 2132 46,
562 2092 613 2125 22
680 2090 796 2124 artem
815 2090 864 2135 Q
877 2089 941 2170 gy,
966 2090 1111 2135 partem
1131 2089 1281 2132 (Prisc.)
1354 2088 1404 2123 36
1429 2099 1535 2124 cassa

192 2148 213 2175 ς
243 2136 350 2172 schol.
375 2138 419 2179 Γ,
449 2146 586 2181 quassa
610 2137 659 2183 Q
680 2136 731 2183 Θ
757 2137 874 2174 (Bzan
905 2139 929 2180 .)
1043 2135 1094 2171 38
1120 2135 1144 2170 fi
1167 2135 1217 2182 Q
1313 2136 1470 2179 Blaud„
1501 2134 1533 2170 si

191 2184 295 2226 an,
320 2183 371 2218 sis
397 2195 419 2223 ς
512 2183 562 2218 39
589 2184 716 2219 Pei-sta
739 2184 788 2230 Q
810 2184 917 2220 schol.
937 2186 979 2227 Γ,
1004 2183 1133 2218 Presta
1159 2185 1190 2218 Φ
1291 2182 1407 2218 ersius
1433 2184 1534 2227 (ὅπως

192 2231 302 2266 findit
322 2231 405 2275 (sic)
425 2230 588 2266 infantes
614 2232 759 2266 statuas
778 2231 821 2266 ob
842 2242 915 2267 rem
934 2231 1030 2267 Serv.
1049 2242 1164 2277 yeory.
1186 2232 1220 2274 3,
1234 2232 1306 2266 363
1377 2229 1429 2265 40
1452 2242 1535 2266 cwm

191 2280 353 2314 lemmate
382 2278 535 2313 homaso
566 2280 727 2323 exempla
760 2279 872 2314 Vatic.
901 2281 948 2314 65
1066 2277 1230 2312 infantes
1253 2278 1302 2324 Q
1397 2278 1533 2322 ΡωῬΙτ.

193 2326 305 2368 (Serv.
318 2326 482 2371 exempla
502 2326 645 2370 Vatia),
664 2326 818 2361 Infamia
837 2327 1015 2364 Blanmer
1034 2326 1074 2369 (i.
1095 2324 1244 2370 Priapi)
1311 2323 1335 2360 4
1389 2324 1535 2370 Adtepe

191 2374 239 2421 Q
262 2374 369 2410 schol.
389 2374 470 2417 PV,
496 2373 628 2419 Arripe
654 2375 717 2409 αΦ
788 2375 831 2409 ut
856 2374 894 2409 et
917 2374 965 2421 Q
981 2373 1042 2421 Θ,
1066 2373 1111 2408 ut
1131 2373 1248 2416 Goth„
1272 2371 1330 2407 uti
1352 2372 1544 2416 Heindorf
