1586 2514
201 87 284 131 154
741 88 878 124 EPOD.
905 92 937 126 8.
957 92 990 124 9.

798 185 930 229 VIII.

357 256 528 311 Rogare
559 257 690 314 longo
721 257 922 314 putidam
953 263 996 301 te
1025 258 1206 310 saeculo,

408 314 514 359 viris
542 317 651 372 quid
682 322 855 359 enervet
885 332 1013 369 meas,

355 389 453 417 cum
473 375 534 418 sit
557 375 642 418 tibi
665 376 770 419 dens
793 381 886 418 ater
908 381 951 419 et
974 377 1096 433 rugis
1118 382 1239 420 vetus

408 434 599 478 frontem
624 441 820 478 senectus
846 441 993 478 exaret

210 506 229 534 5
354 493 528 550 hietque
553 494 696 550 turpis
719 495 834 537 inter
857 494 1001 538 aridas
1025 497 1140 538 natis

407 553 545 608 podex
577 554 695 596 velut
725 552 881 596 crudae
913 553 1045 597 bovis.

353 612 427 654 sed
455 612 614 655 incitat
643 627 710 655 me
739 617 888 668 pectus
917 610 959 655 et
988 629 1200 657 mammae
1229 620 1377 670 putres

407 671 566 728 equina
587 671 736 728 quales
759 671 893 715 ubera

352 736 585 787 venterque
612 730 758 773 mollis
786 736 829 773 et
856 731 1002 775 femur
1030 731 1298 776 tumentibus

195 805 229 830 ιο
407 790 519 833 exile
547 790 663 833 suris
693 789 906 833 additum.

353 855 444 892 esto
474 849 613 900 beata,
646 850 782 892 funus
811 855 940 905 atque
972 851 1186 907 imagines

405 908 567 952 ducant
591 908 878 964 triumphales
903 914 1024 952 tuom

354 982 429 1010 nec
457 967 517 1010 sit
546 968 718 1018 marita,
750 983 859 1023 quae
888 968 1214 1012 rotundioribus

407 1032 560 1069 onusta
587 1026 704 1069 bacis
729 1026 935 1070 ambulet.

195 1100 227 1126 ιε,
352 1085 495 1141 quid?
519 1085 635 1142 quod
662 1084 803 1127 libelli
831 1084 968 1129 Stoici
994 1086 1110 1130 inter
1137 1087 1303 1130 Sericos

404 1145 542 1187 iacere
571 1144 776 1200 pulvillos
805 1151 967 1197 amant,

352 1203 589 1247 inlitterati
617 1218 721 1246 num
750 1203 895 1247 minus
923 1204 1044 1248 nervi
1073 1204 1218 1261 rigent

405 1262 601 1306 minusve
628 1262 807 1318 languet
835 1264 1088 1307 fascinum?

351 1322 468 1377 quod
500 1327 550 1365 ut
578 1321 764 1377 superbo
796 1338 974 1378 povoces
1004 1323 1059 1366 ab
1090 1322 1286 1378 inguine,

192 1395 229 1422 20
407 1396 478 1423 ore
507 1380 850 1424 adlaborandum
881 1387 945 1425 est
978 1382 1073 1425 tibi.

782 1534 940 1578 VIIII.

352 1605 537 1659 Quando
565 1604 803 1660 repositum
832 1604 1079 1648 Caecubum
1106 1604 1162 1647 ad
1190 1605 1325 1649 festas
1353 1606 1483 1663 dapes

401 1664 563 1706 victore
589 1663 728 1707 laetus
756 1663 938 1707 Caesare

351 1729 493 1765 tecum
516 1722 597 1765 sub
623 1722 714 1765 alta
739 1747 793 1752 -
821 1723 882 1765 sic
910 1722 1004 1764 Iovi
1031 1728 1206 1778 gratum
1234 1747 1286 1753 -—
1314 1725 1455 1776 domo,

403 1781 526 1824 beate
553 1781 796 1833 Maecenas,
827 1782 975 1824 bibam

207 1856 224 1882 5
348 1845 526 1883 sonante
556 1839 745 1883 mixtum
776 1840 900 1883 tibiis
929 1855 1100 1884 carmen
1129 1841 1239 1897 lyra,

404 1899 481 1942 hac
511 1899 713 1950 Dorium,
745 1900 835 1942 illis
866 1898 1131 1942 barbarum?

281 1979 497 2026 &ABG
587 1978 769 2026 69:34>

282 2051 320 2097 8,
342 2050 365 2085 8
390 2049 519 2095 quales
547 2050 649 2093 Fal,
681 2049 803 2095 qualis
827 2049 876 2095 Θ
901 2050 998 2085 Βλπ
1141 2051 1186 2086 11
1221 2051 1333 2086 funus
1359 2072 1403 2078 —
1428 2053 1534 2087 tuum

185 2099 229 2134 ob
258 2110 332 2134 rem
364 2098 470 2142 affert
498 2098 603 2133 schol
631 2098 722 2133 Stat.
754 2097 857 2132 Theb.
879 2099 920 2139 6,
932 2098 1007 2134 268
1150 2097 1290 2134 13.14
1321 2099 1364 2135 ob
1394 2100 1534 2134 martas

186 2147 292 2182 schol.
313 2146 402 2181 Stat.
427 2145 459 2179 T
457 2146 533 2180 heb
552 2148 586 2187 4
599 2147 672 2181 207
763 2147 847 2189 post
870 2143 917 2179 16
935 2145 1062 2183 leniter
1085 2147 1243 2182 distinxi
1340 2145 1387 2181 17
1414 2146 1534 2182 miniu

183 2194 232 2239 Q)
244 2193 294 2240 Θ
308 2194 407 2238 Porp
408 2193 441 2226 h.
444 2192 588 2238 ‚magis
602 2193 800 2228 Heinsius
875 2191 922 2226 18
941 2192 1064 2228 minus
1076 2196 1253 2230 nominat.
1346 2193 1395 2229 18
1415 2195 1536 2230 amisit

321 2240 383 2276 19.
410 2239 461 2274 20
486 2242 528 2275 o‘
553 2251 624 2275 rem
650 2239 756 2275 schol.
783 2229 862 2276 Ιιιῦ
885 2242 919 2283 6,
931 2243 1007 2275 298

280 2287 320 2334 9,
342 2289 356 2322 1
389 2286 591 2331 repositum
616 2287 664 2333 (D
681 2286 732 2333 Θ
758 2285 872 2328 (Serv.
897 2299 1047 2333 yramm.
1069 2289 1093 2323 1
1101 2289 1135 2324 V
1146 2291 1228 2330 471,
1241 2290 1320 2332 26),
1343 2293 1533 2334 repostum

186 2336 427 2378 ‹1›(Diomed.
453 2344 603 2379 yramm
632 2335 659 2369 I
672 2336 755 2376 528,
768 2336 833 2377 27)
