1586 2514
560 87 708 124 GARM.
733 87 767 123 11
789 91 844 123 13.
868 91 922 123 14.
1362 86 1421 128 63

269 187 378 245 quid
407 187 585 239 mirum,
613 186 692 231 ubi
717 186 810 230 illis
837 185 1105 229 carminibus
1132 191 1311 242 stupens

269 247 471 292 demittit
497 253 615 292 atras
643 246 772 290 belua
800 246 1016 303 centiceps

323 307 444 352 auris
475 312 520 352 et
551 306 708 351 intorti
739 305 914 363 capillis
941 342 943 344 ,
1381 321 1416 349 3⁵

379 367 678 411 Eumenidum
705 372 954 410 recreantur
979 366 1178 422 angues?

269 475 383 533 quin
409 481 453 519 et
481 474 769 519 Prometheus
797 479 840 518 et
868 474 1047 531 Pelopis
1076 489 1233 530 parens

269 535 389 580 dulci
413 534 606 579 laborem
630 534 852 591 decipitur
872 549 978 578 sono

324 610 401 639 nec
432 600 557 639 curat
587 594 728 639 Orion
756 594 901 638 leones

377 661 455 699 aut
483 655 664 699 timidos
693 655 862 711 agitare
891 654 1054 710 lyncas.
1381 669 1418 696 ιο

625 846 796 888 ΧΙΙΙΙ.

271 929 398 974 Eheu
418 930 613 988 fugaces,
637 930 859 982 Postume,
884 930 1106 982 Postume,

267 989 479 1035 labuntur
499 990 605 1034 anni
627 1005 704 1033 nec
725 990 866 1047 pietas
889 1005 1054 1033 moram

323 1050 446 1107 rugis
475 1056 519 1094 et
547 1050 734 1094 instanti
763 1057 958 1101 senectae

376 1109 549 1155 adseret
579 1109 908 1166 indomitaeque
940 1110 1086 1162 morti,

268 1233 369 1270 non,
395 1218 432 1262 si
457 1219 642 1262 trecenis
665 1224 882 1275 quotquot
906 1225 1010 1262 eunt
1035 1219 1141 1270 dies,
1398 1235 1418 1261 ⁵

267 1278 420 1330 amice,
444 1278 587 1335 places
610 1278 976 1322 inlacrimabilem

246 1371 248 1373 >
323 1338 517 1382 Plutona
548 1338 701 1389 tauris,
734 1339 811 1395 qui
845 1344 912 1381 ter
942 1339 1140 1395 amplum

375 1398 611 1455 Geryonen
640 1398 893 1455 Tityonque
921 1399 1041 1442 tristi

267 1507 488 1574 conpescit
519 1506 650 1557 unda,
683 1507 850 1550 scilicet
882 1506 1086 1550 omnibus

262 1567 530 1624 quicumque
560 1573 701 1610 terrae
730 1582 908 1611 munere
937 1567 1152 1610 vescimur
1379 1584 1416 1610 10

319 1626 607 1684 enaviganda,
636 1627 727 1671 sive
755 1642 878 1684 reges

370 1687 462 1730 sive
494 1687 645 1744 inopes
676 1687 839 1731 erimus
871 1687 1027 1731 coloni.

144 1792 426 1840 Q>=AB1>E
517 1791 590 1841 (13.
603 1793 697 1829 ΒΦ

145 1886 196 1924 84
227 1887 311 1925 Seu.
338 1900 362 1924 a
357 1899 439 1936 p.oc
467 1891 526 1932 13,
539 1891 563 1924 3
594 1888 774 1925 Cerberus
810 1889 870 1925 vel
908 1891 952 1925 ut
986 1889 1041 1925 ait
1074 1888 1254 1925 Horatius
1287 1888 1415 1925 ‘belua

48 1935 268 1983 centiceps’.
357 1901 417 1973 38
437 1936 672 1985 laboremQ
623 1937 734 2021 QQ}
754 1938 872 1983 ‘Por-p
872 1938 937 1981 h.’,
956 1936 1128 1973 laborum
1141 1938 1226 1974 Eu
1240 1937 1413 1983 (Bland.)

47 1984 154 2021 schol.
175 1986 256 2021 ΔΓ
348 1995 479 2021 somno
502 1985 583 2020 le
679 1986 702 2021 3
745 1997 798 2031 sq.
819 1986 863 2021 ob
885 1965 1016 2031 lyiicas
1040 1997 1167 2032 qraece
1191 1986 1413 2022 declinatum

48 2036 82 2069 et
117 2043 226 2069 vuaso.
265 2033 389 2078 adfert
426 2034 544 2070 Prae.
579 2036 682 2077 6,26
714 2046 753 2080 p.
774 2036 901 2078 218‚4
1024 2032 1076 2069 40
1113 2033 1267 2069 timidos
1292 2034 1341 2081 Q
1363 2034 1414 2082 Θ

49 2081 180 2126 Πίσα,
203 2080 360 2117 timidas
385 2092 408 2121 ς

145 2126 218 2176 14,
238 2129 260 2165 1
299 2128 406 2166 Eheu
432 2151 476 2156 —
504 2130 595 2165 anni
631 2130 674 2166 ob
711 2131 928 2167 sententiam
966 2130 1070 2167 Hier.
1110 2131 1151 2166 in
1188 2131 1301 2166 Amos
1338 2133 1372 2174 3,
1392 2133 1415 2166 6

42 2178 226 2223 p.10610
251 2178 343 2222 Mul,
373 2179 416 2214 in
442 2178 675 2222 Ezech.1,1
698 2189 737 2224 p.
756 2179 840 2223 240,
872 2179 915 2214 ob
944 2179 1220 2224 epanalempsin
1245 2178 1412 2215 Diomed.

46 2236 151 2308 gam
153 2236 200 2262 m.
220 2226 246 2261 Ι
266 2228 351 2270 445,
363 2229 414 2263 27
512 2226 617 2262 Eheu
641 2226 690 2274 Q
784 2227 968 2271 (Diomed.
990 2227 1066 2263 cod.
1088 2228 1124 2264 A
1144 2226 1241 2263 Serv.
1260 2238 1412 2274 gramm.

86 2273 116 2310 Ι
134 2276 219 2319 470,
230 2275 281 2310 25
306 2273 412 2312 Hier.
444 2276 486 2310 in
513 2275 661 2320 Amos),
741 2286 787 2311 eu
819 2275 892 2311 heu
925 2275 1048 2319 (Hier.
1076 2276 1117 2311 in
1149 2275 1279 2312 Ezech.
1305 2275 1412 2312 schol.

48 2321 149 2358 Pers.
174 2324 212 2367 2,
224 2323 300 2368 ΒΡ
301 2324 381 2359 ..28
406 2323 544 2369 Kurz),
570 2322 653 2358 Heu
673 2323 859 2367 (Diomed.
879 2323 983 2360 codd.
1003 2323 1111 2367 ΒΜ)
1210 2323 1233 2359 5
1259 2322 1414 2360 tricenis

47 2369 165 2418 Q&
189 2333 364 2415 (Blavia)
466 2370 484 2406 7
514 2371 710 2416 Geryonen
736 2371 785 2418 Q
802 2370 863 2419 Θ,
889 2382 991 2407 -nem
1018 2371 1185 2416 ΑΕλῑψ
