1586 2514
481 98 691 136 SVETONI
716 98 835 135 VITA
860 98 1046 135 HORATI
1422 97 1446 139 7

21 223 26 245 ι
85 197 164 242 fibi
185 198 387 253 8²3,un
409 197 596 241 videaris
616 197 855 252 familiaris
877 197 997 240 nobis
1020 196 1134 240 esse?
1160 198 1449 252 expressitque

85 259 278 314 eclogam
303 257 356 301 ad
381 273 436 313 se,
462 261 582 301 cuius
607 260 781 300 initium
806 259 887 299 est:

233 360 326 391 oum
351 350 410 390 tot
430 348 640 391 sustineas
663 349 703 390 et
726 349 846 389 tanta
870 347 1035 400 neyotia
1057 345 1179 400 solus,

234 420 302 451 res
324 406 464 450 Italas
488 407 624 450 armis
648 406 805 462 tuteris,
829 405 1014 449 moribus
1043 418 1174 457 ornes,

234 465 390 521 legibus
413 466 619 510 emendes:
646 466 693 508 in
708 465 882 520 publica
906 466 1120 509 commoda
1137 477 1311 520 peccem,
1486 485 1501 512 5

235 527 276 570 si
299 525 418 581 longo
441 539 629 570 sermone
652 539 787 568 morer
811 529 885 568 tua
911 528 1105 580 tempora,
1132 523 1299 567 Caesar.
1330 567 1332 570 ,

143 614 307 659 Habitu
338 618 528 671 corporis
554 615 639 658 fuit
663 615 802 657 brevis
829 618 955 671 atque
982 615 1152 668 obesus,
1188 615 1326 670 qualis
1354 616 1396 656 et
1421 628 1447 656 a

85 678 218 719 semet
259 679 355 732 ipso
393 678 440 718 in
475 678 630 717 saturis
670 675 923 718 describitur
962 677 1003 717 et
1041 674 1093 717 ab
1132 673 1332 730 Augusto
1369 674 1448 717 hac

84 737 286 792 epistula:
304 735 482 790 pertulit
504 735 565 778 ad
588 748 653 778 me
682 733 864 790 Onysius
890 734 1072 778 libellum
1092 738 1214 786 tuom,
1240 747 1359 788 quem
1377 748 1447 789 690

82 799 130 838 ut
159 798 420 839 accusantem
450 795 849 849 quantuluscumque
878 798 938 838 est
967 795 1063 838 boni
1093 794 1269 838 consulo.
1318 794 1448 837 vereri
1467 810 1501 837 ιο

84 858 222 900 autem
252 854 360 898 mihi
389 855 545 898 videris
575 868 628 898 ne
658 856 837 899 maiores
861 855 989 898 libelli
1014 855 1075 897 tui
1098 854 1186 897 sint
1209 868 1335 908 quam
1359 855 1448 909 ipse

83 929 137 959 es.
185 916 259 958 sed
288 914 365 958 tibi
387 917 553 958 statura
578 915 699 970 deest,
728 915 1012 970 corpusculum
1036 928 1121 957 non
1147 914 1265 957 deest.
1309 914 1448 968 itaque

83 974 218 1018 licebit
253 976 301 1018 in
330 975 551 1018 sextariolo
582 975 758 1030 scribas,
795 989 873 1029 quo
904 975 1100 1017 circuitus
1131 973 1356 1017 voluminis
1386 974 1449 1016 tui

82 1035 142 1079 sit
172 1034 522 1089 ὀγκωδέστατος,
551 1035 660 1078 siout
690 1038 750 1078 est
777 1034 996 1078 ventriculi
1027 1034 1099 1077 tui.

142 1093 213 1138 Ad
236 1109 302 1139 res
328 1109 524 1137 venereas
551 1097 903 1151 intemperantior
927 1094 1126 1148 traditur3
1151 1108 1251 1135 nam
1277 1094 1447 1149 specula
1466 1108 1500 1135 ιο

82 1155 234 1210 to<to>
270 1154 466 1197 cubiculo
493 1153 668 1210 [scorta]
694 1154 846 1196 dicitur
874 1154 1074 1196 habuisse
1100 1154 1308 1209 disposita
1330 1152 1447 1208 (ita)

82 1217 131 1256 ut
156 1228 423 1270 quocumque
448 1217 703 1269 respexisset
727 1214 869 1268 <s>ibi
895 1213 970 1269 [ei]
990 1217 1133 1269 imago
1160 1215 1296 1255 coitus
1322 1213 1446 1255 refer-

81 1276 209 1317 retur.

142 1333 262 1376 Vixit
285 1335 520 1389 plurimum
544 1336 592 1375 in
617 1348 781 1375 secessu
806 1337 916 1375 ruris
944 1335 1010 1375 sui
1031 1332 1179 1376 Sabini
1204 1335 1277 1375 aut
1296 1332 1446 1375 Tibur-

82 1395 164 1436 tim'
189 1393 424 1449 domusque
451 1393 690 1435 ostenditur
715 1397 826 1435 circa
849 1393 1030 1435 Tiburni
1055 1394 1258 1435 luculum.
1464 1409 1500 1436 ιο

142 1485 392 1496 .........
437 1455 644 1495 venerunt
683 1455 731 1495 in
773 1468 923 1495 manus
968 1468 1082 1495 meas
1127 1455 1169 1495 et
1212 1453 1321 1508 eleg-i
1365 1452 1444 1495 sub

81 1513 211 1556 titulo
257 1515 348 1555 eius
387 1514 430 1555 et
466 1513 650 1568 epistula
685 1527 814 1569 prosa
851 1515 1043 1556 oratione
1081 1515 1203 1568 quasi
1237 1527 1444 1555 commen-

81 1572 222 1615 dantis
256 1587 300 1615 se
324 1571 575 1628 Maecenati,
607 1572 680 1615 sed
711 1575 890 1628 utraque
922 1573 1030 1615 falsa
1054 1574 1179 1628 put03
1209 1587 1309 1614 nam
1335 1573 1444 1629 elegi

81 1633 289 1689 volgares,
315 1633 498 1688 epistula
523 1634 650 1675 etiam
676 1632 865 1688 obscura,
892 1647 976 1688 quo
1002 1635 1107 1675 vitio
1133 1635 1307 1675 minime
1331 1635 1445 1675 tene·

80 1692 218 1736 batur.
1463 1709 1499 1738 π

179 1845 199 1880 1
227 1845 310 1882 vade
327 1856 374 1881 ne
391 1845 500 1881 verba
519 1845 775 1891 expressitque
797 1867 840 1872 —
862 1849 882 1880 6
909 1845 1048 1881 Caesar
1067 1845 1199 1881 addita
1216 1847 1293 1882 sint
1310 1857 1335 1881 a
1350 1847 1442 1882 Por-

75 1893 259 1940 phyrione
367 1891 391 1928 2
424 1892 472 1928 ad
499 1903 538 1928 se
570 1903 637 1929 om.
665 1893 804 1929 Bland.
918 1894 936 1929 7
971 1893 1066 1928 Item
1097 1892 1277 1928 Horatius
1308 1893 1443 1929 habitu

81 1940 222 1977 Bland
250 1939 304 1986 (ἓ)
427 1939 452 1976 9
479 1939 636 1976 Oniseus
662 1941 922 1986 Reifferscheid
1046 1940 1096 1977 10
1127 1942 1171 1976 ut
1202 1942 1442 1977 excusantem

80 1988 360 2033 Reifferscheid,
398 1989 442 2024 ut
479 1998 650 2024 accusem
687 1991 725 2024 te
763 1984 919 2036 Bentley
1042 1988 1091 2024 12
1130 1988 1197 2024 sed
1233 1989 1265 2024 si
1300 1989 1440 2025 Bland.

83 2035 133 2072 18
158 2046 232 2081 quo
257 2035 482 2080 Salmasius,
514 2047 598 2072 cum
628 2037 750 2080 codd„
782 2038 825 2072 ut
850 2048 872 2076 ς
971 2035 1020 2072 14
1052 2039 1339 2082 ογκωδηετατος
1368 2038 1442 2081 fere

80 2083 184 2120 codd.
284 2083 334 2120 15
360 2095 403 2130 sp
406 2063 555 2120 ecu'lato
579 2084 702 2128 codd„
733 2095 777 2130 sp
780 2084 889 2120 ecula
913 2085 993 2120 toto
1023 2084 1245 2130 Oudendorp
1319 2086 1442 2120 scorta

79 2131 202 2175 codd„
230 2133 412 2178 expunxit
436 2131 630 2175 Sudhaus‚·
660 2096 822 2168 attampen
847 2132 893 2176 cf.
922 2132 1060 2168 Vahlen
1085 2132 1212 2168 Herm.
1238 2135 1307 2177 26,
1334 2134 1441 2176 1891,

81 2181 156 2215 163
167 2183 242 2216 not.
306 2178 355 2215 16
369 2179 565 2235 <ita>om.
581 2180 682 2216 codd.
728 2181 892 2215 scortum
910 2179 944 2215 d
959 2179 994 2215 h
1017 2179 1289 2233 dispositumu.
1311 2191 1346 2225 q.
1365 2191 1394 2216 r.
1415 2179 1440 2215 i.

80 2237 111 2262 e.
137 2226 163 2262 i.
188 2226 310 2262 coitus
336 2226 506 2263 obviaret
531 2239 553 2266 ς
621 2226 694 2263 sibi
722 2227 943 2274 Oudendorp
877 2239 954 2274 οη),
979 2228 1035 2263 ibi
1061 2228 1096 2263 ei
1121 2227 1224 2264 codd.
1298 2226 1350 2263 20
1376 2227 1441 2263 do-

80 2285 201 2320 musq.
246 2274 327 2310 eius
370 2275 509 2311 Bland.
531 2274 583 2320 (?)
678 2275 847 2322 domusq.
880 2297 924 2302 —
959 2275 1160 2312 tenebatur
1198 2277 1273 2321 (24)
1310 2287 1379 2312 om.
1418 2288 1440 2315 ς

81 2321 129 2358 21
158 2323 331 2359 lacunam
354 2325 486 2359 statuit
513 2323 552 2359 O.
573 2323 688 2367 Jahn,
713 2324 845 2360 desunt
865 2325 1017 2360 nomina
1037 2328 1246 2370 poematum
1263 2325 1439 2370 yenuino-

79 2381 174 2414 rum,
199 2371 246 2416 ef.
271 2372 350 2407 vita
376 2371 509 2417 Porph.
534 2382 570 2417 p
591 2374 667 2415 2,1
696 2371 838 2408 Holder
