1586 2514
181 112 266 155 190
730 110 869 147 SERM.
894 111 912 147 1
930 115 962 147 5.

234 209 393 266 incipit
424 225 472 253 ac
505 210 658 252 missae
689 215 860 266 pastum
893 208 1131 252 retinacula
1161 209 1304 254 mulae

234 274 367 312 nauta
393 268 520 325 piger
546 283 651 312 saxo
676 269 836 325 religat
862 268 1091 325 stertitque
1117 268 1310 326 supinus.

181 343 217 370 20
235 328 409 395 iamque
432 328 524 371 dies
549 327 712 380 aderat,
737 328 802 372 nil
824 343 922 372 cum
945 327 1171 384 procedere
1193 327 1370 373 lintrem

231 387 458 439 sentimus,
490 387 624 431 donec
657 361 900 431 cerebrosus
930 387 1104 444 prosilit
1134 403 1244 432 unus

237 462 285 490 ac
307 446 449 490 mulae
470 453 712 503 nautaeque
733 453 863 515 caput
884 446 1137 504 lumbosque
1157 447 1327 504 saligno

235 506 353 549 fuste
383 505 528 550 dolat:
566 513 722 563 quarta
750 507 825 550 vix
855 506 1030 549 demum
1061 506 1319 563 exponimur
1348 506 1479 551 hora..

236 580 310 608 ora
339 581 576 622 manusque
608 571 683 609 tua
712 565 911 618 lavimus,
942 565 1145 618 Feronia,
1175 565 1380 623 lympha3

182 639 217 667 25
236 624 361 668 milia
388 631 483 668 tum
511 625 659 682 pransi
686 625 772 669 tria
798 624 990 682 repimus
1016 631 1145 682 atque
1171 624 1366 670 subimus

234 684 476 740 inpositum
501 684 618 728 saxis
644 684 732 728 late
756 684 1039 728 candentibus
1064 685 1237 729 Anxur.

236 743 319 787 huc
346 750 553 788 venturus
584 749 677 788 erat
703 744 932 811 Maecenas
961 743 1152 800 optimus
1179 750 1309 802 atque

241 801 454 856 Cocceius,
486 803 608 847 missi
639 803 810 860 magnis
837 803 890 847 de
919 803 1045 847 rebus
1075 809 1253 861 uterque

236 862 386 920 legati,
417 878 584 906 aversos
614 863 735 907 soliti
763 877 1000 920 conponere
1028 863 1200 907 amicos.

185 937 219 964 eo
238 922 309 965 hic
337 922 472 966 oculis
502 937 582 979 ego
610 923 737 979 nigra
765 923 872 966 meis
898 922 1082 979 collyria
1108 922 1257 980 lippus

236 981 444 1035 inlinere;
485 982 649 1026 interea
681 982 909 1025 Maecenas
939 982 1116 1026 advenit
1146 989 1276 1039 atque

238 1041 441 1085 Cocceius
473 1042 716 1098 Capitoque
748 1041 879 1085 simul
909 1041 1134 1094 Fonteius,
1165 1042 1220 1086 ad
1251 1057 1440 1099 unguem

236 1101 380 1144 factus
406 1101 547 1153 homo,
577 1100 762 1153 Antoni,
788 1116 876 1144 non
902 1107 950 1145 ut
975 1101 1116 1158 magis
1140 1101 1264 1155 alter,
1290 1101 1466 1146 amicus.

236 1160 417 1203 Fundos
443 1160 638 1204 Aufidio
667 1160 806 1204 Lusco
832 1166 1028 1217 praetore
1053 1161 1239 1205 libenter

185 1235 219 1262 35
238 1219 494 1276 linquimus,
526 1219 670 1263 insani
704 1219 894 1263 ridentes
925 1219 1118 1276 praemia
1148 1220 1325 1274 scribae,

237 1285 506 1335 praetextam
538 1285 581 1322 et
612 1279 750 1322 latum
781 1279 946 1322 clavom
976 1295 1223 1336 prunaeque
1253 1278 1467 1324 vatillum.

237 1339 286 1382 in
311 1338 639 1382 Mamurrarum
667 1338 769 1382 lassi
795 1338 951 1382 deinde
977 1339 1081 1382 urbe
1108 1354 1342 1392 manemus,

237 1398 426 1441 Murena
451 1398 681 1454 praebente
708 1398 899 1450 domum,
927 1397 1140 1455 Capitone
1165 1398 1369 1443 culinam.

236 1463 407 1513 postera
434 1458 510 1500 lux
541 1457 681 1501 oritur
707 1457 846 1501 multo
872 1458 1146 1514 gratissima:
1180 1474 1365 1515 namque

185 1532 220 1559 40
240 1516 412 1560 Plotius
445 1523 489 1560 et
521 1517 679 1560 Varius
711 1516 939 1560 Sinuessae
971 1517 1274 1575 Vergiliusque

237 1582 481 1628 occurrunt,
507 1576 678 1620 animae
703 1576 845 1633 qualis
869 1592 1005 1633 neque
1028 1577 1298 1621 candidiores

238 1642 352 1679 terra
378 1636 484 1679 tulit
512 1651 650 1693 neque
675 1636 773 1693 quis
799 1651 866 1679 me
893 1636 952 1679 sit
977 1635 1217 1680 devinctior
1242 1636 1364 1681 alter.

240 1710 264 1738 o
289 1695 366 1752 qui
393 1695 626 1751 conplexus
653 1701 696 1738 et
723 1695 885 1752 gaudia
910 1701 1072 1752 quanta
1099 1696 1291 1740 fuerunt.

279 1777 588 1823 (DzaCDEK
681 1776 859 1824 ΘιΒΦ

280 1847 330 1883 23
351 1849 483 1893 quarta
503 1869 547 1875 —
568 1847 659 1883 hora
678 1848 719 1884 ob
733 1849 1001 1894 pleonasmum
1012 1848 1085 1893 (vix
1105 1848 1266 1894 demum)
1292 1849 1397 1893 affert
1417 1859 1527 1893 qarm.

185 1896 228 1932 de
240 1897 290 1943 siy
290 1908 370 1932 αντε
385 1899 456 1931 179
517 1895 566 1931 24
580 1897 622 1932 ob
637 1896 757 1931 lavere
772 1896 929 1942 Eutych.
948 1908 1098 1943 yramm.
1126 1896 1160 1931 V
1173 1899 1258 1939 484,
1269 1898 1319 1933 29
1367 1895 1417 1931 26
1430 1895 1528 1931 saxis

186 1943 262 1979 late
267 1908 463 1990 ΟΒΕΘ,
476 1943 553 1978 late
567 1943 666 1979 saxis
681 1944 756 1979 aK
762 1943 865 1979 Goth
917 1955 1033 1978 anxur
1050 1943 1170 1991 ΘΘ,
1195 1954 1312 1988 anxyr
1326 1944 1357 1978 Φ
1416 1942 1467 1979 82
1481 1944 1528 1978 ad

187 2012 232 2017 —-
251 1991 362 2026 homo
388 1991 430 2026 ob
456 1992 506 2026 ad
530 2002 692 2037 unguem
723 1991 821 2027 Serv.
846 2002 961 2038 9εον9.
986 1993 1022 2035 2,
1035 1994 1108 2027 277
1214 1991 1264 2027 35
1295 1991 1338 2027 ob
1362 1990 1529 2036 praemia

189 2040 302 2075 Prisc.
323 2042 359 2081 2,
374 2041 420 2073 13
440 2050 479 2084 p.
501 2041 559 2082 52,
580 2041 627 2074 17
723 2038 772 2073 3ss
799 2039 840 2075 ob
861 2049 980 2084 pruna
999 2039 1095 2075 Serv.
1116 2039 1206 2074 Aen.
1228 2041 1285 2082 11,
1299 2041 1383 2074 788.
1418 2038 1530 2073 uatil-

185 2086 263 2121 lum
287 2087 335 2133 Q)
352 2086 403 2133 Θ
428 2087 614 2130 (mand),
640 2085 812 2121 batillum
834 2086 897 2122 K²
916 2091 948 2122 et
969 2097 1059 2131 pars
1082 2086 1182 2122 codd.
1203 2086 1320 2123 Servii
1337 2087 1420 2122 item
1437 2087 1529 2132 yzos-

184 2145 331 2178 sarum;
355 2136 401 2177 cf.
425 2134 514 2170 Go‘tz
534 2135 617 2170 thes.
636 2135 740 2180 yloss.
764 2135 842 2170 VII
854 2146 891 2179 p.
912 2137 983 2170 395
990 2148 1003 2178 ;
1027 2134 1215 2178 Biicheler,
1242 2133 1409 2169 Vmbrica
1419 2144 1460 2180 p.
1482 2136 1530 2169 63

187 2182 238 2217 39
266 2182 416 2217 Postera
440 2181 567 2229 (DQ,
599 2181 770 2216 Proxima
796 2193 849 2221 ας
952 2180 1101 2217 40-42
1127 2181 1216 2216 tulit
1240 2182 1282 2218 ob
1308 2181 1430 2225 qualis
1453 2182 1531 2217 sine

186 2229 275 2265 talis
295 2231 458 2275 positum
482 2231 588 2273 affert
606 2240 700 2275 pars
724 2230 825 2265 codd.
851 2230 1043 2266 Prisciani
1066 2232 1185 2273 17,32
1203 2240 1242 2274 p.
1264 2230 1334 2265 129
1356 2233 1429 2265 not.
1449 2229 1528 2265 crit.

186 2277 311 2313 uarius
336 2277 384 2323 Q)
401 2277 452 2324 Θ
477 2278 638 2321 (Prisc),
665 2288 776 2312 uatus
797 2278 887 2322 ΚΦ,
912 2279 996 2313 item
1014 2279 1072 2313 93.
1097 2280 1131 2321 1,
1145 2280 1178 2321 6,
1193 2280 1250 2312 55.
1272 2280 1304 2320 1,
1318 2278 1353 2320 9,
1364 2279 1414 2313 23
1439 2279 1529 2320 (non

185 2326 243 2361 hic
268 2325 342 2369 K).
369 2329 402 2367 1,
423 2328 479 2368 10,
498 2327 554 2360 44.
582 2328 629 2360 81
656 2326 755 2369 epist.
776 2328 812 2367 2,
833 2329 866 2368 1,
885 2328 958 2362 247
983 2325 1120 2361 Bland.
1147 2335 1209 2361 ars
1234 2327 1298 2368 55,
1325 2335 1401 2361 ‘non
1419 2334 1527 2360 carm.

187 2377 219 2417 1,
241 2376 274 2416 6,
297 2377 314 2407 1
341 2384 442 2408 serm.
462 2376 498 2415 2,
518 2378 553 2416 ὃ,
572 2375 630 2407 21.
659 2376 706 2408 63
