1586 2514
203 81 290 124 314
643 79 706 116 DE
732 81 859 117 ARTE
885 80 1097 127 POETICA.

202 195 255 222 160
273 179 445 236 colligit
470 196 519 223 ac
545 180 671 236 ponit
698 185 856 223 temere
884 186 926 223 et
953 186 1148 223 mutatur
1174 180 1221 224 in
1248 180 1384 224 horas.

272 238 464 282 inberbis
490 239 672 291 iuvenis,
700 240 875 283 tandem
902 240 1076 283 custode
1103 245 1280 292 remoto,

272 298 434 354 gaudet
462 299 584 355 equis
613 299 875 355 canibusque
905 305 948 342 et
974 299 1113 355 aprici
1143 299 1340 355 gramine
1369 299 1539 356 Campi,

273 373 417 401 cereus
449 358 498 401 in
527 359 688 402 vitium
721 359 860 411 flecti,
896 357 1183 402 monitoribus
1215 374 1352 415 asper,

275 417 454 460 utilium
480 418 630 461 tardus
657 418 864 474 provisor,
889 418 1102 475 prodigus
1130 417 1254 470 aeris,

205 492 255 518 166
272 476 475 520 sublimis
494 477 760 534 cupidusque
780 483 823 521 et
842 483 988 521 amata
1007 477 1248 534 relinquere
1267 476 1463 534 pernix.

274 536 487 580 conversis
511 537 670 580 studiis
695 543 812 580 aetas
829 537 1093 605 animusque
1118 535 1260 579 virilis

274 596 446 652 quaerit
473 611 572 653 opes
601 602 644 639 et
672 597 901 649 amicitias,
932 596 1113 640 inservit
1139 595 1305 648 honori,

274 656 523 699 conmisisse
552 662 672 699 cavet
699 656 816 712 quod
840 672 947 701 ,mox
978 661 1146 699 mutare
1176 655 1353 699 laboret.

274 715 413 759 multa
431 731 576 759 senem
598 716 942 759 circumveniunt
960 715 1248 767 incommoda,
1269 714 1337 759 vel
1356 715 1472 771 quod

207 791 257 816 170
275 775 448 830 quaerit
470 781 514 818 et
536 775 724 818 inventis
748 775 877 818 miser
900 775 1089 818 abstinet
1112 790 1161 821 ac
1183 774 1310 817 timet
1334 774 1415 826 uti,

275 834 342 877 vel
370 834 486 890 quod
517 851 582 877 res
614 834 755 877 omnis
786 834 940 877 timide
970 834 1197 890 gelideque
1227 833 1461 901 ministrat,

275 893 450 944 dilator,
475 909 551 949 spe
577 894 746 949 longus,
776 894 890 936 iners
916 893 1152 949 avidusque
1179 892 1336 944 futuri,

275 952 500 1004 difficilis,
526 953 746 1009 querulus,
773 952 972 996 laudator
999 951 1206 1008 temporis
1229 951 1318 995 acti

274 1028 318 1055 se
350 1028 497 1068 puero,
532 1012 768 1068 castigator
801 1027 1030 1068 censorque
1063 1011 1294 1054 minorum.

208 1087 257 1112 175
277 1071 416 1114 multa
440 1072 592 1114 ferunt
617 1072 719 1114 anni
745 1071 963 1114 venientes
989 1071 1211 1114 commoda
1237 1086 1392 1122 secum,

277 1131 415 1173 multa
441 1131 682 1173 recedentes
709 1131 933 1174 adimunt:
963 1146 1020 1173 .ne
1046 1131 1162 1173 forte
1187 1130 1341 1173 seniles

278 1189 537 1232 mandentur
564 1189 711 1232 iuveni
741 1196 883 1246 partes
913 1205 1129 1246 pueroque
1158 1189 1327 1232 viriles:

274 1264 443 1305 semper
467 1249 516 1292 in
540 1249 759 1292 adiunctis
781 1264 971 1305 aevoque
996 1248 1239 1292 morabitur
1264 1248 1391 1305 aptis.

277 1314 354 1351 aut
377 1309 526 1365 agitur
550 1324 615 1351 res
641 1309 689 1351 in
713 1308 875 1351 scaenis
899 1314 976 1351 aut
999 1313 1096 1352 acta
1119 1309 1319 1351 refertur.

210 1383 260 1409 180
277 1367 454 1424 segnius
481 1368 659 1411 irritant
685 1368 851 1410 animos
878 1367 1063 1411 demissa
1090 1383 1166 1423 per
1192 1383 1340 1411 aurem

277 1442 408 1482 quam
433 1442 543 1483 quae
567 1432 671 1470 sunt
698 1427 833 1470 oculis
860 1427 1054 1470 subiecta
1079 1426 1290 1469 fidelibus
1316 1433 1358 1470 et
1384 1443 1493 1483 quae

277 1486 369 1542 ipse
398 1486 483 1529 sibi
513 1486 650 1529 tradit
676 1492 914 1542 spectator;
953 1501 1040 1529 non
1069 1492 1214 1529 tamen
1242 1486 1361 1529 intus

278 1546 415 1602 digna
438 1546 532 1601 geri
558 1561 726 1601 promes
752 1546 799 1588 in
825 1562 1019 1588 scaenam
1045 1545 1269 1601 multaque
1294 1545 1419 1589 tolles

279 1620 330 1647 ex
362 1605 511 1656 oculis,
543 1620 654 1660 quae
686 1621 785 1647 mox
819 1611 965 1647 narret
996 1605 1205 1648 facundia
1236 1620 1457 1661 praesens:

211 1679 260 1705 185
280 1680 332 1706 ne
358 1679 511 1720 pueros
538 1679 680 1707 coram
707 1665 866 1720 populo
893 1664 1051 1706 Medea
1077 1664 1266 1707 trucidet

281 1729 358 1766 aut
385 1724 575 1766 humana
601 1723 746 1779 palam
774 1730 930 1779 coquat
959 1729 1060 1766 exta
1087 1723 1283 1766 nefarius
1310 1723 1472 1766 Atreus

278 1788 355 1825 aut
384 1782 433 1825 in
461 1797 582 1825 avem
614 1782 779 1825 Procne
810 1788 1015 1833 vertatur,
1049 1782 1238 1825 Cadmus
1269 1782 1315 1825 in
1345 1798 1543 1838 anguem.

296 1874 556 1921 QtaBC'K
649 1874 832 1922 ΘεΒΦ

301 1957 372 1993 161
399 1957 566 1993 Inberbis
589 1958 638 2005 Q
655 1957 708 2040 (ῇὲ
739 1961 780 1993 ut
804 1959 905 2003 epist.
930 1961 973 2001 2,
994 1962 1031 2001 1,
1051 1960 1119 2001 86,
1150 1956 1341 1992 Imberbus
1368 1958 1398 1994 Ο
1414 1957 1552 1993 Bland.

204 2017 249 2040 eae
273 2006 405 2042 scholio
430 2007 553 2051 quale:
578 2005 684 2040 inber
711 2017 752 2040 us
779 2007 817 2041 et
841 2005 1005 2041 inberbis
1032 2005 1129 2040 sicut
1151 2004 1314 2039 inermus
1340 2006 1378 2040 et
1402 2003 1555 2040 inermis

204 2053 352 2089 schol.P
411 2052 486 2088 163
506 2052 640 2088 Cereus
659 2054 705 2097 cf.
720 2053 850 2089 Heiric
867 2054 959 2089 PM
964 2054 999 2088 A
1017 2053 1092 2088 III
1104 2054 1187 2096 440,
1200 2055 1251 2087 80
1312 2051 1387 2087 166
1407 2051 1553 2087 animus

204 2121 248 2125 —
270 2100 456 2135 amicitias
482 2101 524 2136 ob
549 2102 763 2136 sentent-iam
782 2101 877 2137 Serv.
898 2101 989 2136 Aen.
1011 2103 1046 2144 8,
1062 2102 1132 2135 163
1205 2098 1280 2135 168
1305 2110 1390 2135 mox
1409 2101 1554 2135 mutare

203 2148 252 2194 Q
271 2148 307 2184 R
335 2148 441 2183 schol.
468 2149 548 2191 PV,
582 2150 794 2193 permutare
829 2150 859 2183 Φ
979 2147 1055 2183 170
1091 2148 1135 2183 ob
1165 2147 1275 2182 timet
1310 2148 1415 2183 schol.
1446 2149 1479 2182 Γ
1505 2146 1555 2182 ad

202 2206 304 2231 serm.
334 2199 371 2238 1,
392 2198 430 2238 1,
450 2198 498 2231 42
594 2195 669 2231 172
696 2196 829 2231 auidus
859 2196 907 2242 Q
930 2195 980 2243 Θ
1009 2196 1115 2231 schol.
1142 2197 1184 2238 Γ,
1215 2194 1376 2240 pauidus
1403 2195 1554 2240 Bentley

206 2242 281 2278 178
307 2242 514 2278 morabitur
533 2242 641 2290 ΒΘ,
668 2243 896 2278 morabimur
922 2244 994 2279 aK
1001 2254 1022 2282 ς
1048 2243 1097 2286 (G
1118 2253 1193 2278 non
1217 2243 1313 2278 clare
1338 2243 1484 2288 Ieyitur)
1510 2252 1555 2276 esc

204 2290 337 2326 scholio
368 2291 473 2335 quale
503 2291 609 2326 schol.
632 2291 700 2324 FV
719 2303 759 2335 p.
787 2293 876 2334 339,
896 2294 919 2326 6
1072 2289 1171 2335 aptis
1200 2290 1249 2336 Q
1271 2289 1322 2337 (ᾧ
1351 2289 1457 2325 schol.
1486 2289 1559 2324 FV

183 2340 185 2349 ⁴
205 2338 285 2383 apti
310 2338 347 2373 Β
421 2337 496 2374 179
521 2338 563 2374 ob
588 2338 750 2374 technica
774 2339 882 2374 verba
905 2338 1070 2374 Diomed.
1090 2349 1240 2385 qramm.
1260 2338 1283 2372 1
1301 2340 1385 2380 490,
1402 2339 1453 2373 26
