1586 2514
177 115 259 158 166
743 114 880 151 EPOD.
909 118 963 151 ιτ.

228 213 411 257 infamis
442 213 635 256 Helenae
667 213 821 256 Castor
850 213 1057 256 offensus
1077 212 1169 256 vice

227 273 450 329 fraterque
479 271 629 328 magni
661 271 868 324 Castoris,
897 271 1002 315 victi
1030 287 1166 329 prece,

228 332 431 388 adempta
458 331 550 374 vati
582 330 807 375 reddidere
835 331 1028 375 lumina:

177 407 211 433 45
229 396 272 434 et
295 397 358 442 tu,
385 396 506 446 potes
529 406 643 441 nam,
668 390 783 434 solve
806 406 874 434 me
897 389 1128 442 dementia,

228 465 255 493 o
282 464 358 492 nec
387 449 580 505 paternis
607 449 799 493 obsoleta
825 449 1024 493 sordibus

229 523 367 564 neque
398 508 446 551 in
475 508 685 564 sepulcris
716 524 953 565 pauperum
985 507 1172 564 prudens
1204 523 1311 552 anus

230 566 499 611 novendialis
529 567 741 624 dissipare
772 567 980 624 pulveres.

231 626 315 669 tibi
344 626 557 682 hospitale
587 632 735 683 peetus
764 632 806 670 et
833 642 966 683 purae
995 641 1147 669 manus

177 701 214 728 ⁶0
233 691 413 742 tuosque
440 691 589 729 venter
619 685 897 729 Pactumeius
925 691 967 728 et
994 691 1070 728 tuo

231 760 379 789 cruore
405 744 556 788 rubros
583 744 794 788 obstetrix
819 760 984 801 pannos
1009 744 1130 796 lavit,

194 859 197 862 Ι
233 809 466 860 utcumque
497 804 629 847 fortis
662 804 810 847 exsilis
840 803 1079 861 puerpera.’

285 863 406 919 'quid
436 862 646 906 obseratis
679 863 857 907 auribus
887 863 1040 906 fundis
1071 863 1249 919 preces?

233 938 319 966 non
349 938 455 965 saxa
487 922 618 965 nudis
649 922 848 966 surdiora
879 922 1039 965 navitis

179 997 215 1024 55
235 982 467 1038 Neptunus
493 981 584 1024 alto
613 981 762 1024 tundit
789 981 994 1025 hibernus
1021 981 1123 1024 salo.

233 1041 401 1084 inultus
429 1046 480 1084 ut
509 1046 557 1084 tu
585 1040 732 1084 riseris
760 1040 940 1096 Cotytia

232 1100 421 1156 volgata,
452 1115 623 1143 sacrum
654 1099 783 1142 liberi
815 1096 1063 1156 Cupidinis,

234 1164 278 1202 et
310 1158 533 1215 Esquilini
565 1159 768 1215 pontifex
796 1158 986 1202 venefici

235 1218 398 1275 inpune
428 1223 478 1261 ut
507 1217 667 1261 Vrbem
696 1218 871 1260 nomine
900 1216 1080 1274 inpleris
1110 1217 1239 1260 meo?

183 1292 218 1319 60
236 1277 344 1334 quid
374 1276 578 1333 proderat
609 1276 768 1320 ditasse
798 1276 1031 1333 Paelignas
1061 1291 1168 1320 anus

234 1336 474 1379 velociusve
504 1335 726 1379 miscuisse
758 1335 985 1379 toxicum?

234 1395 309 1439 sed
335 1395 528 1438 tardiora
554 1395 650 1438 fata
674 1400 717 1438 te
740 1394 853 1438 votis
878 1400 1077 1438 manent.

236 1455 413 1512 ingrata
445 1454 602 1497 misero
633 1454 725 1498 vita
756 1453 951 1497 ducenda
982 1459 1047 1497 est
1077 1453 1126 1497 in
1158 1453 1250 1506 hoc,

238 1513 360 1557 novis
386 1519 436 1557 ut
463 1529 596 1570 usque
621 1519 824 1570 suppetas
848 1513 1082 1556 laboribus.

185 1589 219 1616 65
239 1579 362 1630 optat
390 1573 583 1629 quietem
614 1572 789 1629 Pelopis
819 1571 956 1616 infidi
986 1578 1123 1629 pater,

238 1647 367 1690 egens
395 1631 608 1689 benignae
638 1631 849 1675 Tantalus
875 1647 1043 1688 semper
1069 1631 1208 1689 dapis,

238 1698 362 1749 optat
392 1691 676 1735 Prometheus
707 1691 927 1748 obligatus
956 1690 1070 1744 aliti,

278 1795 496 1842 Q).A130
586 1795 658 1843 &³
674 1796 767 1831 ΒΦ

280 1889 331 1926 42
356 1890 439 1925 uice
463 1890 511 1937 Θ
528 1890 579 1937 Θ
602 1890 738 1935 Porph.
765 1890 806 1935 (i.
830 1890 936 1926 schol
964 1890 1062 1934 FV),
1085 1889 1206 1925 uicem
1233 1889 1287 1925 R¹
1413 1888 1464 1926 48
1490 1891 1532 1926 ob

186 1937 427 1974 novendiales
460 1939 568 1981 affert
592 1937 687 1974 Serv.
714 1938 806 1973 Aen.
827 1941 861 1981 5,
876 1940 940 1980 64,
971 1938 1013 1973 ob
1039 1938 1140 1982 pm·
1171 1936 1341 1983 pulveres
1370 1937 1466 1974 Serv.
1491 1942 1532 1973 in

187 1987 326 2022 Donat.
356 1997 508 2031 yramm.
534 1985 599 2020 IV
620 1987 710 2028 432,
723 1988 773 2021 20
811 1985 954 2020 Cledon.
983 1985 1102 2028 V42,
1114 1987 1165 2020 20
1199 1985 1361 2031 Pompei.
1395 1986 1430 2021 V
1450 1988 1533 2029 166,

186 2036 246 2070 29.
269 2036 350 2075 176,
366 2036 412 2068 10
432 2033 592 2068 Cassiod
613 2032 656 2068 de
675 2036 765 2068 orat.
787 2035 807 2067 1
829 2033 976 2078 (Miyne
997 2012 1221 2076 70,1'227A).
1318 2032 1368 2067 50
1393 2033 1432 2067 et
1449 2033 1533 2068 tuos

190 2082 272 2125 (sic)
298 2061 429 2115 rubros
455 2090 486 2115 0.
506 2091 542 2124 p.
570 2078 662 2114 lavit
686 2081 728 2115 ob
747 2080 1002 2124 cacemphaton
1020 2059 1147 2124 P'omp.
1166 2090 1316 2125 yramm.
1339 2079 1534 2122 V293,28

189 2128 239 2163 55
266 2127 342 2162 alto
367 2127 415 2173 Θ
432 2127 492 2174 Θ,
520 2126 605 2161 albo
625 2127 773 2162 Palmer
868 2126 918 2161 56
938 2125 1080 2170 cotytia
1103 2127 1212 2162 schol.
1233 2127 1306 2162 PV
1321 2127 1361 2170 (i.
1381 2126 1532 2166 Por-th.)

185 2186 226 2220 p.
244 2178 326 2216 465,
341 2178 386 2210 15
400 2185 486 2220 sqq„
511 2173 658 2219 cocytia
681 2174 729 2220 Θ
746 2173 797 2221 Θ
820 2174 882 2209 Ps.
908 2173 1043 2219 Porph.
1175 2173 1223 2209 57
1251 2184 1396 2208 sacrum
1420 2174 1468 2220 Θ
1484 2173 1535 2228 Θ

190 2223 295 2267 (Ροη
310 2222 372 2267 h),
397 2233 503 2293 sacra
525 2223 555 2256 Φ
650 2221 702 2256 60
727 2221 903 2276 proderat
920 2221 979 2268 Θ,
1003 2220 1171 2266 proderit
1187 2220 1238 2268 Θ
1258 2221 1304 2264 Ο;
1328 2221 1534 2275 Porphyrw

189 2280 381 2403 Ξέιῖξῗῗὲιξ
405 2269 465 2364 ἐξ,
492 2268 718 2352 ῗῗιῗοῑῗέῑῗέἐ
742 2268 839 2358 {¹⁶ss
858 2269 1091 2365 zlissbpiz'f'rph'
1127 2267 1535 2362 ssvssassiiilgssiiizffiss

190 2376 213 2403 a
230 2377 242 2402 1
261 2375 282 2400 e
