1586 2514
174 111 258 154 100
691 110 837 147 CARM.
863 111 913 146 ΙΙΙ
934 115 988 146 19.

737 208 945 252 XVIIII.

330 278 556 335 Quantum
584 279 716 322 distet
744 279 797 323 ab
829 279 989 322 Inacho

383 338 552 382 Codrus
581 353 659 394 pro
688 339 832 394 patria
861 353 948 381 non
978 338 1176 381 timidus
1190 338 1300 381 mori

332 412 480 441 narras
505 402 550 440 et
573 412 710 453 genus
735 397 871 440 Aeaci

385 462 428 499 et
450 461 646 512 pugnata
667 471 786 500 sacro
810 456 922 499 bella
946 455 1025 499 sub
1049 455 1160 499 Ilio:

189 579 207 607 ο
330 577 417 619 quo
441 562 603 606 Chium
626 562 767 619 pretio
790 562 945 606 cadum

386 636 637 673 mercemur,
667 621 766 678 quis
794 636 951 678 aquam
981 627 1190 678 temperet
1219 620 1410 678 ignibus,

332 695 419 738 quo
445 680 677 737 praebente
702 680 879 724 domum
906 686 950 724 et
975 686 1107 736 quota

388 739 614 796 Paelignis
642 754 810 783 caream
838 739 1095 795 frigoribus,
1126 746 1252 782 taces.

333 845 389 889 da
407 844 536 888 lunae
555 860 734 902 propere
753 861 899 897 novae,

175 919 210 947 ιο
386 904 443 947 da
468 904 606 947 noctis
631 905 812 956 mediae,
839 904 907 956 da,
935 919 1054 960 puer,
1081 904 1261 961 auguris

334 963 572 1006 Murenae:
606 963 747 1006 tribus
773 969 850 1006 aut
875 977 1026 1006 novem

390 1022 625 1064 miscentur
655 1022 824 1077 cyathis
854 1022 1007 1077 pocula
1037 1021 1285 1065 commodis.

334 1127 412 1184 qui
442 1127 594 1171 Musas
623 1134 741 1170 amat
770 1127 965 1183 imparis,

390 1190 533 1229 ternos
562 1192 627 1229 ter
655 1187 832 1242 cyathos
861 1187 1074 1229 attonitus
1105 1193 1222 1242 petet

182 1260 215 1287 ιε
338 1248 479 1297 vates3
515 1244 596 1288 tris
622 1245 823 1301 prohibet
849 1261 979 1301 supra

393 1303 589 1347 rixarum
618 1310 811 1347 metuens
841 1310 1017 1360 tangere
1046 1303 1202 1347 Gratia

339 1408 469 1453 nudis
490 1410 639 1453 iuncta
659 1410 888 1452 sororibus.

392 1468 584 1511 insanire
612 1468 757 1510 iuvat:
793 1483 868 1510 cur
898 1468 1180 1523 Berecyntiae

339 1533 505 1571 cessant
529 1527 718 1570 flamina
741 1527 911 1569 tibiae?

182 1602 218 1628 ιο
395 1602 471 1630 cur
494 1586 654 1642 pendet
678 1586 811 1628 tacita
836 1585 992 1628 fistula
1016 1601 1113 1629 cum
1138 1587 1269 1642 lyra?

340 1691 557 1747 parcentis
581 1705 661 1747 ego
683 1691 880 1733 dexteras

396 1751 493 1793 odi:
526 1764 681 1806 sparge
707 1763 836 1800 rosas,
864 1749 1016 1792 audiat
1044 1751 1217 1793 invidus

348 1809 591 1852 dementem
620 1807 852 1864 strepitum
882 1807 1026 1863 Lycus

396 1874 439 1910 et
461 1868 605 1911 vicina
628 1867 720 1910 seni
744 1881 831 1909 non
857 1867 1016 1909 habilis
1040 1868 1171 1922 Lyco.

273 1971 499 2018 &ABE
591 1970 661 2018 Θ
679 1971 775 2006 ΒΦ

277 2065 342 2113 19,
363 2065 384 2100 1
406 2065 521 2100 distet
537 2064 647 2112 ΘΘ
667 2064 849 2108 (Μανία),
870 2063 986 2098 distat
1005 2063 1072 2099 Ra
1091 2064 1288 2108 (Victor-in
1307 2076 1456 2111 yramm.
1479 2065 1529 2100 Vl

183 2116 266 2155 177,
278 2115 319 2157 2)
465 2111 488 2146 2
523 2122 590 2157 pro
621 2111 747 2157 patria
776 2121 851 2146 non
882 2110 1037 2146 timidus
1067 2110 1162 2145 mori
1185 2112 1234 2166 (D
1250 2111 1301 2159 Θ
1332 2113 1528 2155 (Παιονίη.

226 2171 332 2196 amm.
355 2160 413 2196 VI
427 2162 509 2202 175,
521 2162 581 2204 2),
613 2170 687 2194 non
717 2159 872 2194 timidus
903 2169 970 2203 pro
995 2157 1119 2203 patria
1142 2158 1236 2194 mori
1265 2161 1295 2194 Φ
1319 2170 1363 2195 σω
1387 2162 1422 2203 3,
1434 2162 1471 2203 2,
1484 2161 1531 2195 13

212 2206 372 2252 —18fcfi
394 2208 534 2243 Auson.
556 2209 626 2242 335
645 2218 680 2251 p.
701 2209 785 2251 197,
797 2209 846 2242 24
866 2206 996 2251 Peiper
1014 2210 1048 2241 et
1064 2207 1181 2248 336,1
1280 2206 1326 2242 11
1354 2186 1529 2242 Murenae

183 2253 343 2384 Ξᾷῇσε
248 2253 420 2302 ΘεοΙιοΖ.
449 2256 491 2298 Γ,
516 2253 669 2289 Munere
697 2256 728 2290 Φ
871 2252 920 2288 12
948 2252 1151 2288 miscentur
1173 2253 1222 2299 (D
1238 2253 1305 2301 Θ,
1330 2253 1532 2289 miscentor

221 2306 287 2384 mg
479 2281 535 2336 '14
569 2312 614 2345 cy
617 2301 724 2336 athos
750 2300 934 2336 attonitus
957 2300 1006 2346 (D
1022 2299 1083 2347 Θ,
1108 2300 1292 2335 attonitus
1317 2300 1472 2346 cyathos
1500 2303 1531 2335 Φ

250 2306 398 2384 t{abilis
422 2349 471 2395 Q)
486 2348 538 2396 Θ
564 2348 743 2394 ‘Porph-J,
768 2346 888 2383 habili
913 2347 1051 2383 Rama.
1077 2347 1183 2383 schol.
1208 2349 1282 2383 ΔΓ
