1586 2514
188 92 276 135 202
738 93 877 130 SERM.
902 94 919 130 1
944 98 976 131 9.

242 197 437 234 manaret
466 192 588 235 talos.
631 191 669 235 ὀ
698 198 754 244 te,
788 192 964 245 Bolane,
996 193 1157 237 cerebri

245 250 433 293 felicem'
460 251 629 294 aiebam
658 252 830 303 tacitus,
855 267 954 296 cum
980 252 1197 308 quidlibet
1221 252 1296 296 ille

243 309 443 365 garriret,
473 310 601 362 vicos,
633 310 792 354 Vrbem
820 310 1029 355 laudaret.
1070 318 1118 355 ut
1146 311 1216 355 illi

244 368 309 411 nil
332 368 655 424 respondebam,
684 368 850 413 ‘misere
874 370 1010 426 cupis'
1035 370 1182 426 inquit
1205 370 1349 414 ‘abira

192 442 224 468 15
243 427 500 470 iamdudum
519 428 668 482 video;
696 429 771 472 sed
790 429 855 472 nil
874 430 993 486 agis:
1021 445 1154 486 usque
1173 429 1348 483 tenebo;

243 501 473 542 persequar
494 486 595 539 hinc
616 503 703 544 quo
722 503 836 531 nunc
857 489 941 531 iter
960 494 1024 531 est
1044 488 1157 531 tibi'.
1179 488 1258 532 ‘nil
1278 504 1385 545 opus
1405 494 1470 543 est
1488 495 1530 532 te

243 545 506 602 circumagi:
539 546 756 602 quendam
785 547 881 590 volo
908 547 1043 590 visere
1070 562 1156 590 non
1182 547 1267 590 tibi
1294 553 1469 601 notum3

243 609 362 647 trans
388 604 584 648 Tiberim
611 605 739 662 longe
763 606 893 649 cubat
916 606 954 649 is
978 611 1111 663 prope
1137 606 1332 650 Caesaris
1356 606 1529 650 hortos.’

247 662 325 705 ‘nil
338 663 471 706 habeo
486 664 599 719 quod
612 679 736 720 agam
749 667 790 706 et
802 679 890 707 non
902 679 994 707 sum
1004 668 1141 720 piger:
1154 680 1288 721 usque
1302 679 1452 722 sequar
1463 665 1531 708 te?

188 738 224 764 20
243 723 427 767 demitto
453 724 683 777 auriculas,
715 730 764 768 ut
789 725 966 781 iniquae
992 725 1150 769 mentis
1175 725 1345 778 asellus,

243 798 340 825 cum
367 783 543 839 gravius
573 783 698 827 dorso
725 784 862 827 subiit
889 800 1007 828 onus.
1054 784 1215 841 incipit
1240 784 1340 828 ille:

243 840 293 884 ‘si
324 841 430 885 bene
462 858 530 885 me
558 843 673 894 novi,
704 858 791 886 non
820 843 996 886 Viscum
1026 844 1166 900 pluris
1194 844 1395 896 amicum,

243 915 330 944 non
350 900 533 944 Varium
557 902 717 944 facies:
746 918 847 945 nam
869 903 966 958 quis
989 918 1056 945 me
1078 903 1262 946 scribere
1281 903 1426 959 plures
1458 904 1460 908 ’

242 965 319 1002 aut
348 960 478 1003 citius
509 961 646 1016 possit
673 961 853 1004 versus?
882 961 979 1017 quis
1009 962 1202 1005 membra
1231 977 1398 1005 movere

189 1034 224 1060 25
243 1019 453 1062 mollius?
483 1019 678 1063 invideat
708 1020 822 1076 quod
853 1027 896 1063 et
927 1020 1235 1077 Hermogenes,
1266 1036 1346 1077 ego
1375 1021 1529 1064 canto.'

243 1078 551 1134 interpellandi
581 1078 698 1122 locus
730 1079 800 1122 hic
827 1085 920 1122 erat
948 1079 1025 1122 ‘est
1054 1079 1138 1122 tibi
1167 1086 1318 1132 mater,

245 1140 427 1191 cognati,
447 1140 541 1192 quis
563 1140 604 1179 te
624 1139 739 1180 salvo
761 1140 823 1180 est
842 1153 948 1193 opus
957 1137 994 1180 ‘?'
1022 1138 1149 1180 ‘haud
1167 1138 1272 1181 mihi
1297 1141 1531 1194 quisquam.

242 1196 382 1239 omnis
413 1196 649 1252 conposui.'
693 1197 867 1240 ‘felicea
908 1213 1020 1241 nunc
1052 1213 1131 1254 ego
1163 1203 1287 1241 resto.

241 1255 434 1298 confice:
465 1271 651 1311 namque
677 1256 813 1299 instat
835 1257 980 1299 fatum
1006 1257 1115 1300 mihi
1141 1257 1278 1310 triste,
1305 1256 1476 1301 Sabella

191 1327 227 1354 30
245 1312 359 1367 quod
380 1327 513 1368 puero
533 1313 689 1356 cecinit
707 1313 858 1356 divina
877 1320 993 1356 mota
1014 1329 1121 1357 anus
1143 1329 1275 1358 urna:

242 1372 381 1416 “hune
411 1389 548 1430 neque
580 1374 676 1417 dira
704 1390 865 1417 venena
894 1390 970 1418 nec
1000 1375 1189 1418 hosticus
1218 1376 1388 1419 auferet
1416 1376 1528 1419 ensis

242 1448 317 1475 nec
338 1432 524 1476 laterum
548 1433 671 1476 dolor
691 1440 768 1476 aut
789 1434 920 1476 tussis
941 1450 1016 1477 nec
1038 1434 1162 1477 tarda
1183 1434 1398 1491 podagra;

241 1492 442 1548 garrulus
472 1492 584 1535 hunc
614 1492 786 1549 quando
816 1499 1036 1536 consumet
1063 1508 1269 1550 cumque:
1305 1493 1510 1550 loquacis,

240 1550 277 1593 si
308 1551 463 1607 sapiat,
497 1551 618 1603 vitet,
650 1551 782 1594 simul
811 1557 940 1607 atque
971 1551 1206 1595 adoleverit
1236 1552 1422 1596 aetas.’''

188 1625 223 1652 35
242 1615 419 1653 ventum
444 1616 538 1654 erat
563 1610 619 1654 ad
643 1610 795 1654 Vestae
820 1617 974 1667 quarta
999 1611 1088 1654 iam
1113 1617 1236 1668 parte
1259 1611 1348 1654 diei

243 1669 491 1725 praeterita,
519 1675 562 1712 et
590 1685 688 1712 casu
715 1675 808 1713 tum
836 1670 1089 1726 respondere
1114 1670 1271 1715 vadato

242 1728 437 1780 debebat,
470 1728 585 1784 quod
620 1729 666 1771 ni
697 1729 883 1780 fecisset,
916 1729 1092 1785 perdere
1123 1729 1258 1772 litem.

242 1787 292 1830 ‘si
318 1803 386 1830 me
413 1787 561 1838 amaS,'
587 1787 734 1843 inquit
759 1787 951 1843 ‘paulum
978 1788 1047 1830 hic
1072 1788 1202 1831 ades.'
1228 1787 1462 1840 ³inteream,
1491 1789 1527 1832 si

243 1852 319 1888 aut
344 1846 464 1888 valeo
493 1852 606 1888 stare
631 1852 709 1889 aut
735 1846 834 1889 novi
862 1846 1009 1889 civilia
1036 1846 1155 1899 iura;

187 1922 222 1947 40
242 1907 283 1946 et
302 1919 481 1959 propero
503 1919 586 1959 quo
608 1905 715 1946 scis?
756 1905 923 1946 ‘dubius
945 1920 1048 1959 sum,
1069 1905 1169 1960 quid
1183 1905 1360 1960 faciam',
1379 1908 1530 1961 inquit,

280 2010 553 2055 (DzaDEK
647 2008 828 2056 63:124>

285 2102 333 2138 12
366 2102 513 2138 aiebam
542 2103 590 2149 Q)
607 2103 658 2150 (ᾧ
682 2103 816 2147 Porph.
844 2104 884 2147 (i.
903 2104 1010 2139 schol.
1030 2104 1104 2139 PV
1126 2115 1165 2148 p.
1186 2106 1246 2146 99,
1264 2106 1344 2147 15),
1371 2103 1528 2149 agebam

189 2150 275 2185 ΕΚ
283 2151 314 2184 Φ
388 2149 436 2185 13
463 2149 698 2197 (Horatius)
723 2149 874 2185 uerbem
900 2152 938 2185 et
963 2151 1050 2185 ficos
1075 2149 1257 2186 laudabat
1281 2151 1323 2186 in
1346 2151 1463 2196 capite
1488 2151 1530 2186 de

186 2198 259 2241 ficu
283 2198 515 2242 interpolatio
540 2198 581 2232 in
607 2198 682 2233 cod.
708 2198 748 2232 N
775 2197 920 2233 Charisi
942 2209 1092 2245 yramm.
1118 2198 1146 2232 Ι
1166 2201 1224 2241 96,
1244 2200 1267 2233 5
1354 2197 1458 2234 uicos
1482 2198 1531 2244 Θ

185 2244 252 2291 Θ,
286 2245 375 2279 ficos
403 2247 435 2279 Φ
461 2246 520 2280 Ps.
550 2244 687 2280 Charis.
715 2246 830 2289 (falsa
860 2245 1011 2281 Hermes
1041 2248 1106 2288 40,
1126 2247 1214 2289 318)
1366 2244 1415 2280 16
1446 2244 1530 2280 Per-

189 2302 323 2336 sequar
346 2292 394 2338 Q)
411 2292 478 2338 (ξι),
503 2291 710 2337 Prosequar
734 2293 814 2327 ΒΦ
905 2292 953 2327 22
980 2304 1037 2327 me
1062 2293 1110 2339 ᾧ
1126 2292 1177 2340 (ᾧ
1201 2292 1334 2337 Porph.
1363 2294 1403 2337 (i.
1422 2293 1528 2328 schol.

189 2340 285 2383 PV),
311 2341 349 2374 te
374 2340 485 2385 Apitz
