1586 2514
580 84 726 121 CARM.
753 83 804 120 111
829 87 861 119 8.
884 88 917 119 9.
1370 81 1427 125 89

281 185 409 234 mitte
435 184 579 229 civilis
605 199 734 240 super
758 182 875 227 Vrbe
901 198 1048 227 ouras:

279 244 443 289 oceidit
474 243 587 288 Daoi
619 242 842 287 Cotisonis
872 258 1044 300 agmen,

280 304 441 349 Medus
463 303 654 347 infestus
676 302 763 346 sibi
785 302 995 349 luctuosis

334 363 521 408 dissidet
540 362 689 415 armis,
1392 376 1430 403 20

277 459 414 505 servit
441 459 667 516 Hispanae
693 464 818 503 vetus
845 458 981 502 hostis
1009 473 1107 502 orae

281 519 515 572 Cantaber,
542 533 637 565 sera
664 518 860 562 domitus
886 524 1051 570 eatena,

282 580 372 624 iam
397 578 587 636 Scythae
610 578 710 622 laxo
733 578 1005 622 meditantur
1029 594 1130 622 areu

334 639 482 683 cedere
504 638 682 695 eampis.

280 736 528 793 neglegens,
553 750 606 778 ne
629 749 717 792 qua
740 735 929 792 populus
953 734 1134 787 laboret,
1392 749 1427 775 25

280 810 408 852 parce
427 795 626 853 privatus
646 794 836 838 nimium
857 810 1005 839 cavere
1025 800 1068 838 et

279 855 394 900 dona
419 854 658 912 praesentis
684 869 788 911 cape
812 854 952 898 laetus
978 854 1108 898 horae
1137 854 1241 910 (ae)

332 915 484 972 linque
506 929 665 958 severa.

663 1117 823 1170 VIIII.

281 1191 445 1234 Donec
466 1195 618 1247 gratus
640 1205 758 1234 eram
780 1189 864 1233 tibi

333 1264 411 1294 neo
439 1249 671 1308 quisquam
702 1250 848 1307 potior
878 1249 1078 1294 bracchia
1109 1249 1319 1293 candidae

279 1309 437 1354 eerviei
460 1309 631 1354 iuvenis
654 1309 802 1364 dabat,

334 1369 568 1414 Persarum
589 1370 715 1428 vigui
739 1385 840 1428 rege
863 1370 1061 1414 beatior)

278 1465 426 1510 ‘donec
445 1481 534 1511 non
550 1466 640 1511 alia
659 1466 801 1524 magis
1409 1481 1427 1509 t>

331 1526 480 1571 arsisti
502 1542 640 1584 neque
660 1533 754 1571 erat
775 1527 921 1583 Lydia
943 1532 1041 1584 post
1064 1526 1243 1578 Chloen,

279 1586 411 1630 multi
433 1586 582 1643 Lydia
603 1587 808 1639 nominis,

333 1646 535 1690 Romana
552 1646 679 1703 vigui
699 1646 857 1691 clarior
878 1646 995 1690 Ilia?

278 1742 361 1786 ‘me
381 1758 496 1786 nune
518 1742 703 1787 Thressa
724 1743 860 1786 Chloe
881 1743 1010 1799 regit,

331 1801 472 1846 duleis
497 1802 625 1846 docta
650 1803 800 1846 modos
825 1808 868 1846 et
891 1802 1085 1846 citharae
1111 1802 1262 1854 sciens,
1392 1817 1428 1844 ιο

277 1876 357 1918 pro
377 1877 465 1918 qua
486 1877 574 1906 non
595 1868 787 1906 metuam
809 1862 935 1914 mori,

329 1921 367 1965 si
396 1927 576 1978 parcent
602 1922 774 1966 animae
801 1923 898 1966 fata
926 1922 1183 1979 superstiti.’

158 2025 227 2074 Θ-
243 2026 387 2062 43Ε
479 2026 552 2074 Θ.
567 2029 662 2064 ΒΦ

159 2121 207 2159 27
236 2132 327 2168 cape
351 2122 401 2170 (ς)
417 2122 469 2178 Θ
495 2123 682 2169 (Bland),
707 2134 798 2170 rape
824 2124 892 2160 Fa
1010 2134 1054 2159 ac
1079 2125 1200 2160 versui
1224 2124 1429 2169 insequenti

57 2172 256 2228 praeponit
280 2170 329 2214 A,
354 2171 553 2207 omiserunt
578 2173 685 2208 ceteri
708 2172 823 2215 codd„
849 2173 889 2208 et
914 2183 952 2215 ςς
987 2172 1132 2208 videtur
1157 2173 1271 2219 igitur
1296 2172 1426 2207 vocula

63 2219 139 2254 iam
163 2230 206 2254 m
230 2218 424 2265 archetypo
450 2218 636 2264 excidisse,
661 2221 702 2255 in
727 2221 764 2256 A
787 2220 885 2264 falso
911 2200 986 2256 lo⁷co
1011 2221 1181 2256 restituta
1206 2230 1277 2255 esse

159 2266 199 2312 9,
219 2266 243 2302 ὃ
273 2265 350 2302 alia
373 2266 422 2314 ᾧ
439 2266 490 2314 Θ
515 2267 711 2313 (Blandq)
743 2267 858 2304 aliam
885 2269 926 2308 ῖς
1042 2268 1125 2313 θειᾳ
1163 2268 1205 2304 ob
1239 2267 1370 2302 doctus
1396 2278 1424 2303 c

63 2324 135 2350 acc.
163 2315 279 2351 Prisc.
309 2317 370 2359 18,
383 2317 456 2351 194
474 2326 515 2360 p.
536 2317 680 2359 300,16
812 2316 913 2363 regit
936 2316 984 2363 ᾧ
1001 2316 1052 2364 Θ
1078 2318 1243 2361 (Priscq)
1269 2315 1367 2361 riget
1396 2316 1427 2350 Φ

62 2361 162 2407 regit
186 2361 301 2399 Chloe
326 2362 542 2408 Peerlkamp
