<?xml version="1.0" encoding="UTF-8"?>
<!DOCTYPE html PUBLIC "-//W3C//DTD XHTML 1.0 Transitional//EN"
    "http://www.w3.org/TR/xhtml1/DTD/xhtml1-transitional.dtd">
<html xmlns="http://www.w3.org/1999/xhtml" xml:lang="en" lang="en">
 <head>
  <title>
</title>
<meta http-equiv="Content-Type" content="text/html;charset=utf-8" />
  <meta name='ocr-system' content='tesseract 3.04.00' />
  <meta name='ocr-capabilities' content='ocr_page ocr_carea ocr_par ocr_line ocrx_word'/>
</head>
<body>
  <div class='ocr_page' id='page_1' title='image "./carminah00horauoft_0318.png"; bbox 0 0 1586 2514; ppageno 0'>
   <div class='ocr_carea' id='block_1_1' title="bbox 198 104 1055 153">
    <p class='ocr_par' dir='ltr' id='par_1_1' title="bbox 198 104 1055 153">
     <span class='ocr_line' id='line_1_1' title="bbox 198 104 1055 153; baseline -0.011 -5"><span class='ocrx_word' id='word_1_1' title='bbox 198 105 284 148; x_wconf 85' lang='lat'><strong>306</strong></span> <span class='ocrx_word' id='word_1_2' title='bbox 734 104 879 142; x_wconf 79' lang='lat' dir='ltr'>EPIST.</span> <span class='ocrx_word' id='word_1_3' title='bbox 904 105 938 141; x_wconf 90' lang='lat'><strong>11</strong></span> <span class='ocrx_word' id='word_1_4' title='bbox 963 109 995 141; x_wconf 83' lang='lat'><strong>2.</strong></span> <span class='ocrx_word' id='word_1_5' title='bbox 1053 151 1055 153; x_wconf 16' lang='lat'><strong><em>¹</em></strong></span> 
     </span>
    </p>
   </div>
   <div class='ocr_carea' id='block_1_2' title="bbox 198 203 1537 1570">
    <p class='ocr_par' dir='ltr' id='par_1_2' title="bbox 267 203 1377 260">
     <span class='ocr_line' id='line_1_2' title="bbox 267 203 1377 260; baseline -0.001 -13"><span class='ocrx_word' id='word_1_6' title='bbox 267 203 482 260; x_wconf 89' lang='lat' dir='ltr'><strong>discrepet</strong></span> <span class='ocrx_word' id='word_1_7' title='bbox 505 209 551 247; x_wconf 88' lang='lat' dir='ltr'><strong>et</strong></span> <span class='ocrx_word' id='word_1_8' title='bbox 575 210 790 260; x_wconf 89' lang='lat' dir='ltr'><strong>quantum</strong></span> <span class='ocrx_word' id='word_1_9' title='bbox 816 203 1031 247; x_wconf 84' lang='lat' dir='ltr'><strong>discordet</strong></span> <span class='ocrx_word' id='word_1_10' title='bbox 1057 219 1211 260; x_wconf 84' lang='lat' dir='ltr'><strong>parcus</strong></span> <span class='ocrx_word' id='word_1_11' title='bbox 1235 217 1377 248; x_wconf 81' lang='lat' dir='ltr'><strong>avaro.</strong></span> 
     </span>
    </p>

    <p class='ocr_par' dir='ltr' id='par_1_3' title="bbox 199 263 1537 558">
     <span class='ocr_line' id='line_1_3' title="bbox 199 263 1535 321; baseline 0 -15"><span class='ocrx_word' id='word_1_12' title='bbox 199 279 250 306; x_wconf 81' lang='lat'><strong>195</strong></span> <span class='ocrx_word' id='word_1_13' title='bbox 268 264 406 307; x_wconf 87' lang='lat' dir='ltr'><strong>distat</strong></span> <span class='ocrx_word' id='word_1_14' title='bbox 416 264 550 316; x_wconf 90' lang='lat' dir='ltr'><strong>enim,</strong></span> <span class='ocrx_word' id='word_1_15' title='bbox 566 279 748 321; x_wconf 76' lang='lat' dir='ltr'>spargas</span> <span class='ocrx_word' id='word_1_16' title='bbox 761 270 838 307; x_wconf 89' lang='lat' dir='ltr'><strong>tua</strong></span> <span class='ocrx_word' id='word_1_17' title='bbox 852 263 1076 320; x_wconf 91' lang='lat' dir='ltr'><strong>prodigus,</strong></span> <span class='ocrx_word' id='word_1_18' title='bbox 1092 279 1148 307; x_wconf 92' lang='lat' dir='ltr'><strong>an</strong></span> <span class='ocrx_word' id='word_1_19' title='bbox 1161 279 1300 320; x_wconf 85' lang='lat' dir='ltr'><strong>neque</strong></span> <span class='ocrx_word' id='word_1_20' title='bbox 1314 268 1535 320; x_wconf 89' lang='lat' dir='ltr'><strong>sumptum</strong></span> 
     </span>
     <span class='ocr_line' id='line_1_4' title="bbox 268 323 1297 380; baseline 0.001 -14"><span class='ocrx_word' id='word_1_21' title='bbox 268 324 433 374; x_wconf 79' lang='lat' dir='ltr'><strong>invitus</strong></span> <span class='ocrx_word' id='word_1_22' title='bbox 462 324 601 367; x_wconf 82' lang='lat' dir='ltr'><strong>facias</strong></span> <span class='ocrx_word' id='word_1_23' title='bbox 628 339 766 380; x_wconf 89' lang='lat' dir='ltr'><strong>neque</strong></span> <span class='ocrx_word' id='word_1_24' title='bbox 795 323 922 380; x_wconf 88' lang='lat' dir='ltr'><strong>plura</strong></span> <span class='ocrx_word' id='word_1_25' title='bbox 950 338 1102 380; x_wconf 84' lang='lat' dir='ltr'><strong>parare</strong></span> <span class='ocrx_word' id='word_1_26' title='bbox 1130 323 1297 367; x_wconf 84' lang='lat' dir='ltr'><strong>labores</strong></span> 
     </span>
     <span class='ocr_line' id='line_1_5' title="bbox 268 382 1382 440; baseline 0 -14"><span class='ocrx_word' id='word_1_27' title='bbox 268 398 316 426; x_wconf 89' lang='lat' dir='ltr'><strong>ac</strong></span> <span class='ocrx_word' id='word_1_28' title='bbox 341 383 502 439; x_wconf 86' lang='lat' dir='ltr'><strong>potius,</strong></span> <span class='ocrx_word' id='word_1_29' title='bbox 529 398 637 440; x_wconf 90' lang='lat' dir='ltr'><strong>puer</strong></span> <span class='ocrx_word' id='word_1_30' title='bbox 663 389 713 426; x_wconf 89' lang='lat' dir='ltr'><strong>ut</strong></span> <span class='ocrx_word' id='word_1_31' title='bbox 737 383 864 426; x_wconf 81' lang='lat' dir='ltr'><strong>festis</strong></span> <span class='ocrx_word' id='word_1_32' title='bbox 890 382 1238 439; x_wconf 82' lang='lat' dir='ltr'><strong>Quinquatribus</strong></span> <span class='ocrx_word' id='word_1_33' title='bbox 1263 382 1382 435; x_wconf 90' lang='lat' dir='ltr'><strong>olim,</strong></span> 
     </span>
     <span class='ocr_line' id='line_1_6' title="bbox 269 442 1260 499; baseline -0.001 -14"><span class='ocrx_word' id='word_1_34' title='bbox 269 442 429 499; x_wconf 86' lang='lat' dir='ltr'><strong>exiguo</strong></span> <span class='ocrx_word' id='word_1_35' title='bbox 451 448 662 499; x_wconf 88' lang='lat' dir='ltr'><strong>gratoque</strong></span> <span class='ocrx_word' id='word_1_36' title='bbox 684 443 848 485; x_wconf 76' lang='lat' dir='ltr'><strong>fruaris</strong></span> <span class='ocrx_word' id='word_1_37' title='bbox 871 448 1062 498; x_wconf 86' lang='lat' dir='ltr'><strong>tempore</strong></span> <span class='ocrx_word' id='word_1_38' title='bbox 1085 442 1260 498; x_wconf 86' lang='lat' dir='ltr'><strong>raptim.</strong></span> 
     </span>
     <span class='ocr_line' id='line_1_7' title="bbox 268 501 1537 558; baseline 0 -14"><span class='ocrx_word' id='word_1_39' title='bbox 268 501 496 558; x_wconf 83' lang='lat' dir='ltr'><strong>pauperies</strong></span> <span class='ocrx_word' id='word_1_40' title='bbox 522 501 734 545; x_wconf 88' lang='lat' dir='ltr'><strong>inmunda</strong></span> <span class='ocrx_word' id='word_1_41' title='bbox 759 502 911 545; x_wconf 91' lang='lat' dir='ltr'><strong>domus</strong></span> <span class='ocrx_word' id='word_1_42' title='bbox 937 501 1086 558; x_wconf 91' lang='lat' dir='ltr'><strong>procul</strong></span> <span class='ocrx_word' id='word_1_43' title='bbox 1111 501 1250 544; x_wconf 87' lang='lat' dir='ltr'><strong>absit:</strong></span> <span class='ocrx_word' id='word_1_44' title='bbox 1282 516 1364 558; x_wconf 87' lang='lat' dir='ltr'><strong>ego</strong></span> <span class='ocrx_word' id='word_1_45' title='bbox 1390 506 1537 544; x_wconf 86' lang='lat' dir='ltr'><strong>utrum</strong></span> 
     </span>
    </p>

    <p class='ocr_par' dir='ltr' id='par_1_4' title="bbox 198 559 1460 855">
     <span class='ocr_line' id='line_1_8' title="bbox 198 559 1460 618; baseline -0.001 -14"><span class='ocrx_word' id='word_1_46' title='bbox 198 576 253 603; x_wconf 82' lang='lat'><strong>200</strong></span> <span class='ocrx_word' id='word_1_47' title='bbox 271 577 377 604; x_wconf 88' lang='lat' dir='ltr'><strong>nave</strong></span> <span class='ocrx_word' id='word_1_48' title='bbox 402 561 521 604; x_wconf 81' lang='lat' dir='ltr'><strong>ferar</strong></span> <span class='ocrx_word' id='word_1_49' title='bbox 546 576 705 618; x_wconf 81' lang='lat' dir='ltr'><strong>magna</strong></span> <span class='ocrx_word' id='word_1_50' title='bbox 729 577 786 605; x_wconf 84' lang='lat' dir='ltr'><strong>an</strong></span> <span class='ocrx_word' id='word_1_51' title='bbox 810 576 957 617; x_wconf 84' lang='lat' dir='ltr'><strong>parva,</strong></span> <span class='ocrx_word' id='word_1_52' title='bbox 983 561 1102 603; x_wconf 83' lang='lat' dir='ltr'><strong>ferar</strong></span> <span class='ocrx_word' id='word_1_53' title='bbox 1127 576 1238 604; x_wconf 91' lang='lat' dir='ltr'><strong>unus</strong></span> <span class='ocrx_word' id='word_1_54' title='bbox 1263 565 1306 604; x_wconf 84' lang='lat' dir='ltr'><strong>et</strong></span> <span class='ocrx_word' id='word_1_55' title='bbox 1329 559 1460 604; x_wconf 84' lang='lat' dir='ltr'><strong>idem.</strong></span> 
     </span>
     <span class='ocr_line' id='line_1_9' title="bbox 271 619 1374 676; baseline -0.001 -13"><span class='ocrx_word' id='word_1_56' title='bbox 271 635 358 663; x_wconf 89' lang='lat' dir='ltr'><strong>non</strong></span> <span class='ocrx_word' id='word_1_57' title='bbox 385 620 560 676; x_wconf 86' lang='lat' dir='ltr'><strong>agimur</strong></span> <span class='ocrx_word' id='word_1_58' title='bbox 588 620 771 663; x_wconf 90' lang='lat' dir='ltr'><strong>tumidis</strong></span> <span class='ocrx_word' id='word_1_59' title='bbox 798 619 905 663; x_wconf 88' lang='lat' dir='ltr'><strong>velis</strong></span> <span class='ocrx_word' id='word_1_60' title='bbox 934 620 1138 676; x_wconf 89' lang='lat' dir='ltr'><strong>aquilone</strong></span> <span class='ocrx_word' id='word_1_61' title='bbox 1164 619 1374 663; x_wconf 87' lang='lat' dir='ltr'><strong>secundo:</strong></span> 
     </span>
     <span class='ocr_line' id='line_1_10' title="bbox 277 678 1358 723; baseline -0.001 -1"><span class='ocrx_word' id='word_1_62' title='bbox 277 695 364 723; x_wconf 92' lang='lat' dir='ltr'><strong>non</strong></span> <span class='ocrx_word' id='word_1_63' title='bbox 387 685 532 723; x_wconf 84' lang='lat' dir='ltr'><strong>tamen</strong></span> <span class='ocrx_word' id='word_1_64' title='bbox 555 679 746 722; x_wconf 85' lang='lat' dir='ltr'><strong>adversis</strong></span> <span class='ocrx_word' id='word_1_65' title='bbox 768 684 954 722; x_wconf 86' lang='lat' dir='ltr'><strong>aetatem</strong></span> <span class='ocrx_word' id='word_1_66' title='bbox 977 678 1174 722; x_wconf 84' lang='lat' dir='ltr'><strong>ducimus</strong></span> <span class='ocrx_word' id='word_1_67' title='bbox 1199 678 1358 722; x_wconf 80' lang='lat' dir='ltr'><strong>aust-ris</strong></span> 
     </span>
     <span class='ocr_line' id='line_1_11' title="bbox 269 738 1290 796; baseline 0 -15"><span class='ocrx_word' id='word_1_68' title='bbox 269 739 450 791; x_wconf 88' lang='lat' dir='ltr'><strong>viribus,</strong></span> <span class='ocrx_word' id='word_1_69' title='bbox 483 739 675 796; x_wconf 90' lang='lat' dir='ltr'><strong>ingenio,</strong></span> <span class='ocrx_word' id='word_1_70' title='bbox 708 738 862 795; x_wconf 86' lang='lat' dir='ltr'><strong>specie,</strong></span> <span class='ocrx_word' id='word_1_71' title='bbox 895 738 1071 790; x_wconf 86' lang='lat' dir='ltr'><strong>virtute,</strong></span> <span class='ocrx_word' id='word_1_72' title='bbox 1105 738 1211 790; x_wconf 92' lang='lat' dir='ltr'><strong>loco,</strong></span> <span class='ocrx_word' id='word_1_73' title='bbox 1245 753 1290 781; x_wconf 88' lang='lat' dir='ltr'><strong>re</strong></span> 
     </span>
     <span class='ocr_line' id='line_1_12' title="bbox 273 798 1319 855; baseline -0.002 -13"><span class='ocrx_word' id='word_1_74' title='bbox 273 799 455 842; x_wconf 86' lang='lat' dir='ltr'><strong>extremi</strong></span> <span class='ocrx_word' id='word_1_75' title='bbox 477 799 733 855; x_wconf 88' lang='lat' dir='ltr'><strong>primorum,</strong></span> <span class='ocrx_word' id='word_1_76' title='bbox 756 798 962 841; x_wconf 82' lang='lat' dir='ltr'><strong>extremis</strong></span> <span class='ocrx_word' id='word_1_77' title='bbox 986 813 1119 854; x_wconf 90' lang='lat' dir='ltr'><strong>usque</strong></span> <span class='ocrx_word' id='word_1_78' title='bbox 1135 798 1319 854; x_wconf 82' lang='lat' dir='ltr'><strong>priores.</strong></span> 
     </span>
    </p>

    <p class='ocr_par' dir='ltr' id='par_1_5' title="bbox 199 856 1485 1152">
     <span class='ocr_line' id='line_1_13' title="bbox 199 856 1485 914; baseline 0 -14"><span class='ocrx_word' id='word_1_79' title='bbox 199 874 252 900; x_wconf 83' lang='lat'><strong>205</strong></span> <span class='ocrx_word' id='word_1_80' title='bbox 271 874 358 902; x_wconf 89' lang='lat' dir='ltr'><strong>non</strong></span> <span class='ocrx_word' id='word_1_81' title='bbox 380 873 426 901; x_wconf 88' lang='lat' dir='ltr'><strong>es</strong></span> <span class='ocrx_word' id='word_1_82' title='bbox 452 873 630 902; x_wconf 84' lang='lat' dir='ltr'><strong>avarus:</strong></span> <span class='ocrx_word' id='word_1_83' title='bbox 661 858 750 901; x_wconf 85' lang='lat' dir='ltr'><strong>abi.</strong></span> <span class='ocrx_word' id='word_1_84' title='bbox 785 857 928 914; x_wconf 82' lang='lat' dir='ltr'><strong>quid?</strong></span> <span class='ocrx_word' id='word_1_85' title='bbox 964 863 1103 901; x_wconf 87' lang='lat' dir='ltr'><strong>cetera</strong></span> <span class='ocrx_word' id='word_1_86' title='bbox 1129 857 1218 900; x_wconf 89' lang='lat' dir='ltr'><strong>iam</strong></span> <span class='ocrx_word' id='word_1_87' title='bbox 1242 857 1375 900; x_wconf 84' lang='lat' dir='ltr'><strong>simul</strong></span> <span class='ocrx_word' id='word_1_88' title='bbox 1400 856 1485 900; x_wconf 89' lang='lat' dir='ltr'><strong>isto</strong></span> 
     </span>
     <span class='ocr_line' id='line_1_14' title="bbox 270 916 1306 974; baseline 0 -14"><span class='ocrx_word' id='word_1_89' title='bbox 270 933 368 961; x_wconf 93' lang='lat' dir='ltr'><strong>cum</strong></span> <span class='ocrx_word' id='word_1_90' title='bbox 393 917 503 960; x_wconf 88' lang='lat' dir='ltr'><strong>vitio</strong></span> <span class='ocrx_word' id='word_1_91' title='bbox 530 917 720 974; x_wconf 78' lang='lat' dir='ltr'><strong>sugere?</strong></span> <span class='ocrx_word' id='word_1_92' title='bbox 756 923 871 960; x_wconf 88' lang='lat' dir='ltr'><strong>caret</strong></span> <span class='ocrx_word' id='word_1_93' title='bbox 898 917 982 960; x_wconf 91' lang='lat' dir='ltr'><strong>tibi</strong></span> <span class='ocrx_word' id='word_1_94' title='bbox 1009 922 1157 973; x_wconf 87' lang='lat' dir='ltr'><strong>pectus</strong></span> <span class='ocrx_word' id='word_1_95' title='bbox 1182 916 1306 960; x_wconf 83' lang='lat' dir='ltr'><strong>inani</strong></span> 
     </span>
     <span class='ocr_line' id='line_1_15' title="bbox 270 975 1316 1021; baseline -0.003 0"><span class='ocrx_word' id='word_1_96' title='bbox 270 977 544 1021; x_wconf 84' lang='lat' dir='ltr'><strong>ambitione?</strong></span> <span class='ocrx_word' id='word_1_97' title='bbox 575 983 692 1020; x_wconf 87' lang='lat' dir='ltr'><strong>caret</strong></span> <span class='ocrx_word' id='word_1_98' title='bbox 714 977 866 1020; x_wconf 90' lang='lat' dir='ltr'><strong>mortis</strong></span> <span class='ocrx_word' id='word_1_99' title='bbox 889 976 1127 1019; x_wconf 79' lang='lat' dir='ltr'><strong>formidine</strong></span> <span class='ocrx_word' id='word_1_100' title='bbox 1151 982 1194 1019; x_wconf 88' lang='lat' dir='ltr'><strong>et</strong></span> <span class='ocrx_word' id='word_1_101' title='bbox 1215 975 1316 1020; x_wconf 81' lang='lat' dir='ltr'><strong>ira?</strong></span> 
     </span>
     <span class='ocr_line' id='line_1_16' title="bbox 268 1036 1306 1093; baseline -0.002 -13"><span class='ocrx_word' id='word_1_102' title='bbox 268 1037 451 1088; x_wconf 89' lang='lat' dir='ltr'><strong>somnia,</strong></span> <span class='ocrx_word' id='word_1_103' title='bbox 479 1042 660 1079; x_wconf 87' lang='lat' dir='ltr'><strong>terrores</strong></span> <span class='ocrx_word' id='word_1_104' title='bbox 686 1036 890 1093; x_wconf 87' lang='lat' dir='ltr'><strong>magicos,</strong></span> <span class='ocrx_word' id='word_1_105' title='bbox 918 1036 1140 1088; x_wconf 86' lang='lat' dir='ltr'><strong>miracula,</strong></span> <span class='ocrx_word' id='word_1_106' title='bbox 1168 1051 1306 1092; x_wconf 78' lang='lat' dir='ltr'><strong>sagas,</strong></span> 
     </span>
     <span class='ocr_line' id='line_1_17' title="bbox 271 1095 1413 1152; baseline -0.002 -13"><span class='ocrx_word' id='word_1_107' title='bbox 271 1102 501 1139; x_wconf 90' lang='lat' dir='ltr'><strong>nocturnos</strong></span> <span class='ocrx_word' id='word_1_108' title='bbox 523 1096 707 1139; x_wconf 85' lang='lat' dir='ltr'><strong>lemures</strong></span> <span class='ocrx_word' id='word_1_109' title='bbox 729 1101 1013 1152; x_wconf 88' lang='lat' dir='ltr'><strong>portentaque</strong></span> <span class='ocrx_word' id='word_1_110' title='bbox 1038 1095 1241 1138; x_wconf 84' lang='lat' dir='ltr'><strong>Thessala</strong></span> <span class='ocrx_word' id='word_1_111' title='bbox 1265 1095 1413 1138; x_wconf 78' lang='lat' dir='ltr'><strong>rides?</strong></span> 
     </span>
    </p>

    <p class='ocr_par' dir='ltr' id='par_1_6' title="bbox 200 1154 1458 1449">
     <span class='ocr_line' id='line_1_18' title="bbox 200 1154 1294 1212; baseline -0.001 -15"><span class='ocrx_word' id='word_1_112' title='bbox 200 1171 253 1198; x_wconf 83' lang='lat'><strong>210</strong></span> <span class='ocrx_word' id='word_1_113' title='bbox 271 1156 430 1199; x_wconf 88' lang='lat' dir='ltr'><strong>natalis</strong></span> <span class='ocrx_word' id='word_1_114' title='bbox 459 1161 585 1212; x_wconf 76' lang='lat' dir='ltr'><strong>grate</strong></span> <span class='ocrx_word' id='word_1_115' title='bbox 614 1155 849 1198; x_wconf 86' lang='lat' dir='ltr'><strong>numeras?</strong></span> <span class='ocrx_word' id='word_1_116' title='bbox 886 1155 1077 1211; x_wconf 86' lang='lat' dir='ltr'><strong>ignoscis</strong></span> <span class='ocrx_word' id='word_1_117' title='bbox 1108 1154 1294 1198; x_wconf 81' lang='lat' dir='ltr'><strong>amicis?</strong></span> 
     </span>
     <span class='ocr_line' id='line_1_19' title="bbox 270 1214 1227 1258; baseline -0.002 0"><span class='ocrx_word' id='word_1_118' title='bbox 270 1215 409 1258; x_wconf 90' lang='lat' dir='ltr'><strong>lenior</strong></span> <span class='ocrx_word' id='word_1_119' title='bbox 436 1221 479 1258; x_wconf 90' lang='lat' dir='ltr'><strong>et</strong></span> <span class='ocrx_word' id='word_1_120' title='bbox 506 1215 659 1258; x_wconf 89' lang='lat' dir='ltr'><strong>melior</strong></span> <span class='ocrx_word' id='word_1_121' title='bbox 685 1214 747 1257; x_wconf 79' lang='lat' dir='ltr'><strong>fis</strong></span> <span class='ocrx_word' id='word_1_122' title='bbox 772 1214 998 1257; x_wconf 82' lang='lat' dir='ltr'><strong>accedente</strong></span> <span class='ocrx_word' id='word_1_123' title='bbox 1025 1214 1227 1257; x_wconf 79' lang='lat' dir='ltr'><strong>senecta?</strong></span> 
     </span>
     <span class='ocr_line' id='line_1_20' title="bbox 269 1273 1458 1332; baseline -0.003 -14"><span class='ocrx_word' id='word_1_124' title='bbox 269 1274 378 1332; x_wconf 92' lang='lat' dir='ltr'><strong>quid</strong></span> <span class='ocrx_word' id='word_1_125' title='bbox 407 1281 451 1318; x_wconf 90' lang='lat' dir='ltr'><strong>te</strong></span> <span class='ocrx_word' id='word_1_126' title='bbox 479 1280 680 1330; x_wconf 87' lang='lat' dir='ltr'><strong>exempta</strong></span> <span class='ocrx_word' id='word_1_127' title='bbox 709 1274 831 1317; x_wconf 87' lang='lat' dir='ltr'><strong>iuvat</strong></span> <span class='ocrx_word' id='word_1_128' title='bbox 858 1274 998 1330; x_wconf 89' lang='lat' dir='ltr'><strong>spinis</strong></span> <span class='ocrx_word' id='word_1_129' title='bbox 1028 1273 1081 1316; x_wconf 86' lang='lat' dir='ltr'><strong>dc</strong></span> <span class='ocrx_word' id='word_1_130' title='bbox 1110 1273 1309 1330; x_wconf 89' lang='lat' dir='ltr'><strong>pluribus</strong></span> <span class='ocrx_word' id='word_1_131' title='bbox 1339 1273 1458 1317; x_wconf 82' lang='lat' dir='ltr'><strong>una?</strong></span> 
     </span>
     <span class='ocr_line' id='line_1_21' title="bbox 269 1332 1186 1389; baseline -0.003 -11"><span class='ocrx_word' id='word_1_132' title='bbox 269 1334 413 1378; x_wconf 87' lang='lat' dir='ltr'><strong>vivere</strong></span> <span class='ocrx_word' id='word_1_133' title='bbox 441 1334 480 1377; x_wconf 88' lang='lat' dir='ltr'><strong>si</strong></span> <span class='ocrx_word' id='word_1_134' title='bbox 512 1339 623 1376; x_wconf 86' lang='lat' dir='ltr'><strong>recte</strong></span> <span class='ocrx_word' id='word_1_135' title='bbox 654 1334 804 1385; x_wconf 88' lang='lat' dir='ltr'><strong>nescis,</strong></span> <span class='ocrx_word' id='word_1_136' title='bbox 835 1332 990 1376; x_wconf 86' lang='lat' dir='ltr'><strong>decede</strong></span> <span class='ocrx_word' id='word_1_137' title='bbox 1020 1332 1186 1389; x_wconf 90' lang='lat' dir='ltr'><strong>peritis.</strong></span> 
     </span>
     <span class='ocr_line' id='line_1_22' title="bbox 271 1392 1292 1449; baseline -0.002 -12"><span class='ocrx_word' id='word_1_138' title='bbox 271 1394 416 1437; x_wconf 88' lang='lat' dir='ltr'><strong>lusisti</strong></span> <span class='ocrx_word' id='word_1_139' title='bbox 441 1394 562 1445; x_wconf 86' lang='lat' dir='ltr'><strong>satis,</strong></span> <span class='ocrx_word' id='word_1_140' title='bbox 592 1393 722 1436; x_wconf 88' lang='lat' dir='ltr'><strong>edisti</strong></span> <span class='ocrx_word' id='word_1_141' title='bbox 748 1392 855 1436; x_wconf 90' lang='lat' dir='ltr'><strong>satis</strong></span> <span class='ocrx_word' id='word_1_142' title='bbox 880 1398 1012 1449; x_wconf 86' lang='lat' dir='ltr'><strong>atque</strong></span> <span class='ocrx_word' id='word_1_143' title='bbox 1041 1392 1218 1435; x_wconf 86' lang='lat' dir='ltr'><strong>bibisti:</strong></span> <span class='ocrx_word' id='word_1_144' title='bbox 1283 1392 1292 1400; x_wconf 84' lang='lat'>&#39;</span> 
     </span>
    </p>

    <p class='ocr_par' dir='ltr' id='par_1_7' title="bbox 201 1452 1456 1570">
     <span class='ocr_line' id='line_1_23' title="bbox 201 1452 1456 1510; baseline -0.001 -14"><span class='ocrx_word' id='word_1_145' title='bbox 201 1470 253 1496; x_wconf 83' lang='lat'><strong>215</strong></span> <span class='ocrx_word' id='word_1_146' title='bbox 272 1460 442 1510; x_wconf 88' lang='lat' dir='ltr'><strong>tempus</strong></span> <span class='ocrx_word' id='word_1_147' title='bbox 473 1453 594 1496; x_wconf 83' lang='lat' dir='ltr'><strong>abire</strong></span> <span class='ocrx_word' id='word_1_148' title='bbox 626 1452 710 1498; x_wconf 85' lang='lat' dir='ltr'><strong>tibi</strong></span> <span class='ocrx_word' id='word_1_149' title='bbox 743 1459 819 1504; x_wconf 86' lang='lat' dir='ltr'><strong>est,</strong></span> <span class='ocrx_word' id='word_1_150' title='bbox 854 1467 906 1495; x_wconf 89' lang='lat' dir='ltr'><strong>ne</strong></span> <span class='ocrx_word' id='word_1_151' title='bbox 938 1458 1090 1509; x_wconf 91' lang='lat' dir='ltr'><strong>potum</strong></span> <span class='ocrx_word' id='word_1_152' title='bbox 1122 1452 1290 1508; x_wconf 86' lang='lat' dir='ltr'><strong>largius</strong></span> <span class='ocrx_word' id='word_1_153' title='bbox 1320 1467 1456 1509; x_wconf 84' lang='lat' dir='ltr'><strong>aequo</strong></span> 
     </span>
     <span class='ocr_line' id='line_1_24' title="bbox 271 1512 1246 1570; baseline -0.002 -14"><span class='ocrx_word' id='word_1_154' title='bbox 271 1513 412 1556; x_wconf 89' lang='lat' dir='ltr'><strong>rideat</strong></span> <span class='ocrx_word' id='word_1_155' title='bbox 440 1519 483 1556; x_wconf 89' lang='lat' dir='ltr'><strong>et</strong></span> <span class='ocrx_word' id='word_1_156' title='bbox 509 1512 653 1570; x_wconf 89' lang='lat' dir='ltr'><strong>pulset</strong></span> <span class='ocrx_word' id='word_1_157' title='bbox 680 1512 839 1555; x_wconf 90' lang='lat' dir='ltr'><strong>lasciva</strong></span> <span class='ocrx_word' id='word_1_158' title='bbox 868 1512 1090 1555; x_wconf 88' lang='lat' dir='ltr'><strong>decentius</strong></span> <span class='ocrx_word' id='word_1_159' title='bbox 1116 1518 1246 1555; x_wconf 87' lang='lat' dir='ltr'><strong>aetas.</strong></span> 
     </span>
    </p>
   </div>
   <div class='ocr_carea' id='block_1_3' title="bbox 288 1627 781 1690">
    <p class='ocr_par' dir='ltr' id='par_1_8' title="bbox 288 1627 781 1690">
     <span class='ocr_line' id='line_1_25' title="bbox 288 1627 781 1690; baseline -0.004 -12"><span class='ocrx_word' id='word_1_160' title='bbox 288 1642 507 1690; x_wconf 57' lang='lat' dir='ltr'><strong>&amp;ann</strong></span> <span class='ocrx_word' id='word_1_161' title='bbox 598 1627 781 1688; x_wconf 53' lang='lat' dir='ltr'><strong>&amp;ab</strong></span> 
     </span>
    </p>
   </div>
   <div class='ocr_carea' id='block_1_4' title="bbox 194 1759 1549 2189">
    <p class='ocr_par' dir='ltr' id='par_1_9' title="bbox 194 1759 1549 2189">
     <span class='ocr_line' id='line_1_26' title="bbox 290 1759 1542 1807; baseline -0.002 -10"><span class='ocrx_word' id='word_1_162' title='bbox 290 1761 366 1797; x_wconf 74' lang='lat'><strong>199</strong></span> <span class='ocrx_word' id='word_1_163' title='bbox 391 1761 522 1797; x_wconf 85' lang='lat' dir='ltr'><strong>domus</strong></span> <span class='ocrx_word' id='word_1_164' title='bbox 546 1759 676 1806; x_wconf 88' lang='lat' dir='ltr'><strong>procul</strong></span> <span class='ocrx_word' id='word_1_165' title='bbox 700 1759 801 1795; x_wconf 82' lang='lat' dir='ltr'><strong>absit</strong></span> <span class='ocrx_word' id='word_1_166' title='bbox 824 1759 911 1806; x_wconf 62' lang='grc' dir='ltr'><strong>ΕΝ,-</strong></span> <span class='ocrx_word' id='word_1_167' title='bbox 935 1760 978 1796; x_wconf 77' lang='lat' dir='ltr'><strong>in</strong></span> <span class='ocrx_word' id='word_1_168' title='bbox 994 1759 1045 1807; x_wconf 63' lang='grc' dir='ltr'>Θ</span> <span class='ocrx_word' id='word_1_169' title='bbox 1068 1760 1186 1795; x_wconf 75' lang='lat' dir='ltr'><strong>nescio</strong></span> <span class='ocrx_word' id='word_1_170' title='bbox 1210 1770 1302 1806; x_wconf 78' lang='lat' dir='ltr'><strong>quae</strong></span> <span class='ocrx_word' id='word_1_171' title='bbox 1326 1759 1464 1802; x_wconf 77' lang='lat' dir='ltr'><strong>turbae,</strong></span> <span class='ocrx_word' id='word_1_172' title='bbox 1487 1759 1542 1795; x_wconf 76' lang='lat' dir='ltr'><strong>ita</strong></span> 
     </span>
     <span class='ocr_line' id='line_1_27' title="bbox 194 1805 1542 1853; baseline -0.004 -6"><span class='ocrx_word' id='word_1_173' title='bbox 194 1814 315 1847; x_wconf 77' lang='lat' dir='ltr'><strong>tamen</strong></span> <span class='ocrx_word' id='word_1_174' title='bbox 346 1813 389 1845; x_wconf 74' lang='lat' dir='ltr'><strong>ut</strong></span> <span class='ocrx_word' id='word_1_175' title='bbox 422 1809 464 1845; x_wconf 80' lang='lat' dir='ltr'><strong>de</strong></span> <span class='ocrx_word' id='word_1_176' title='bbox 493 1809 563 1853; x_wconf 77' lang='lat' dir='ltr'><strong>fide</strong></span> <span class='ocrx_word' id='word_1_177' title='bbox 593 1807 760 1844; x_wconf 77' lang='lat' dir='ltr'><strong>vocabuli</strong></span> <span class='ocrx_word' id='word_1_178' title='bbox 791 1807 921 1842; x_wconf 86' lang='lat' dir='ltr'><strong>domus</strong></span> <span class='ocrx_word' id='word_1_179' title='bbox 952 1807 1119 1843; x_wconf 76' lang='lat' dir='ltr'><strong>dubitari</strong></span> <span class='ocrx_word' id='word_1_180' title='bbox 1146 1818 1223 1843; x_wconf 71' lang='lat' dir='ltr'><strong>non</strong></span> <span class='ocrx_word' id='word_1_181' title='bbox 1252 1808 1375 1843; x_wconf 74' lang='lat' dir='ltr'><strong>liceat:</strong></span> <span class='ocrx_word' id='word_1_182' title='bbox 1411 1805 1542 1842; x_wconf 84' lang='lat' dir='ltr'><strong>domus</strong></span> 
     </span>
     <span class='ocr_line' id='line_1_28' title="bbox 195 1853 1542 1904; baseline -0.003 -11"><span class='ocrx_word' id='word_1_183' title='bbox 195 1856 324 1903; x_wconf 84' lang='lat' dir='ltr'><strong>procul</strong></span> <span class='ocrx_word' id='word_1_184' title='bbox 350 1858 491 1904; x_wconf 77' lang='lat' dir='ltr'><strong>(omisso</strong></span> <span class='ocrx_word' id='word_1_185' title='bbox 510 1855 623 1902; x_wconf 80' lang='lat' dir='ltr'><strong>absit)</strong></span> <span class='ocrx_word' id='word_1_186' title='bbox 642 1855 689 1900; x_wconf 89' lang='lat' dir='ltr'><strong>R,</strong></span> <span class='ocrx_word' id='word_1_187' title='bbox 713 1854 844 1901; x_wconf 83' lang='lat' dir='ltr'><strong>procul</strong></span> <span class='ocrx_word' id='word_1_188' title='bbox 863 1856 1003 1891; x_wconf 69' lang='lat' dir='ltr'><strong>omissis</strong></span> <span class='ocrx_word' id='word_1_189' title='bbox 1022 1854 1151 1890; x_wconf 89' lang='lat' dir='ltr'><strong>domus</strong></span> <span class='ocrx_word' id='word_1_190' title='bbox 1180 1858 1213 1890; x_wconf 83' lang='lat' dir='ltr'><strong>et</strong></span> <span class='ocrx_word' id='word_1_191' title='bbox 1236 1853 1336 1891; x_wconf 78' lang='lat' dir='ltr'><strong>absit</strong></span> <span class='ocrx_word' id='word_1_192' title='bbox 1356 1855 1407 1898; x_wconf 86' lang='grc' dir='ltr'><strong>Φ,·</strong></span> <span class='ocrx_word' id='word_1_193' title='bbox 1431 1853 1542 1889; x_wconf 88' lang='lat' dir='ltr'><strong>modo</strong></span> 
     </span>
     <span class='ocr_line' id='line_1_29' title="bbox 196 1901 1541 1989; baseline -0.004 -48"><span class='ocrx_word' id='word_1_194' title='bbox 196 1904 296 1989; x_wconf 37' lang='lat' dir='ltr'><strong>gut&gt;</strong></span> <span class='ocrx_word' id='word_1_195' title='bbox 321 1903 451 1951; x_wconf 88' lang='lat' dir='ltr'><strong>procul</strong></span> <span class='ocrx_word' id='word_1_196' title='bbox 476 1903 576 1940; x_wconf 81' lang='lat' dir='ltr'><strong>absit</strong></span> <span class='ocrx_word' id='word_1_197' title='bbox 604 1903 943 1946; x_wconf 75' lang='lat' dir='ltr'><strong>Gesner-Kuschel,</strong></span> <span class='ocrx_word' id='word_1_198' title='bbox 970 1902 1100 1948; x_wconf 88' lang='lat' dir='ltr'><strong>procul</strong></span> <span class='ocrx_word' id='word_1_199' title='bbox 1124 1901 1283 1950; x_wconf 87' lang='lat' dir='ltr'><strong>&lt;procul</strong></span> <span class='ocrx_word' id='word_1_200' title='bbox 1305 1903 1360 1939; x_wconf 74' lang='lat' dir='ltr'><strong>vel</strong></span> <span class='ocrx_word' id='word_1_201' title='bbox 1383 1901 1541 1949; x_wconf 85' lang='lat' dir='ltr'><strong>precor&gt;</strong></span> 
     </span>
     <span class='ocr_line' id='line_1_30' title="bbox 197 1948 1542 1999; baseline -0.003 -11"><span class='ocrx_word' id='word_1_202' title='bbox 197 1964 220 1989; x_wconf 81' lang='lat' dir='ltr'><strong>a</strong></span> <span class='ocrx_word' id='word_1_203' title='bbox 247 1954 297 1989; x_wconf 78' lang='lat' dir='ltr'><strong>sit</strong></span> <span class='ocrx_word' id='word_1_204' title='bbox 322 1953 493 1999; x_wconf 77' lang='lat' dir='ltr'><strong>Bentley,</strong></span> <span class='ocrx_word' id='word_1_205' title='bbox 523 1953 650 1987; x_wconf 83' lang='lat' dir='ltr'><strong>tamen</strong></span> <span class='ocrx_word' id='word_1_206' title='bbox 681 1950 810 1996; x_wconf 85' lang='lat' dir='ltr'><strong>procul</strong></span> <span class='ocrx_word' id='word_1_207' title='bbox 841 1949 939 1985; x_wconf 79' lang='lat' dir='ltr'><strong>absit</strong></span> <span class='ocrx_word' id='word_1_208' title='bbox 971 1950 1016 1986; x_wconf 89' lang='lat' dir='ltr'><strong>L.</strong></span> <span class='ocrx_word' id='word_1_209' title='bbox 1038 1950 1177 1986; x_wconf 62' lang='lat' dir='ltr'><strong>Muller</strong></span> <span class='ocrx_word' id='word_1_210' title='bbox 1283 1948 1360 1986; x_wconf 76' lang='lat'><strong>208</strong></span> <span class='ocrx_word' id='word_1_211' title='bbox 1390 1949 1472 1985; x_wconf 86' lang='lat' dir='ltr'><strong>loco</strong></span> <span class='ocrx_word' id='word_1_212' title='bbox 1502 1960 1542 1984; x_wconf 82' lang='lat' dir='ltr'><strong>re</strong></span> 
     </span>
     <span class='ocr_line' id='line_1_31' title="bbox 195 1997 1549 2048; baseline -0.004 -12"><span class='ocrx_word' id='word_1_213' title='bbox 195 2001 245 2048; x_wconf 67' lang='lat' dir='ltr'><strong>Q)</strong></span> <span class='ocrx_word' id='word_1_214' title='bbox 260 2000 327 2048; x_wconf 62' lang='grc' dir='ltr'><strong>Θ,</strong></span> <span class='ocrx_word' id='word_1_215' title='bbox 362 1999 483 2036; x_wconf 87' lang='lat' dir='ltr'><strong>colore</strong></span> <span class='ocrx_word' id='word_1_216' title='bbox 511 2001 542 2034; x_wconf 88' lang='grc' dir='ltr'><strong><em>Φ</em></strong></span> <span class='ocrx_word' id='word_1_217' title='bbox 667 1997 744 2033; x_wconf 77' lang='grc'><strong>206</strong></span> <span class='ocrx_word' id='word_1_218' title='bbox 769 1998 896 2044; x_wconf 80' lang='lat' dir='ltr'><strong>fugere</strong></span> <span class='ocrx_word' id='word_1_219' title='bbox 922 1998 962 2034; x_wconf 91' lang='lat' dir='ltr'><em>D</em></span> <span class='ocrx_word' id='word_1_220' title='bbox 979 1997 1030 2045; x_wconf 67' lang='grc' dir='ltr'>Θ</span> <span class='ocrx_word' id='word_1_221' title='bbox 1053 1998 1187 2043; x_wconf 71' lang='lat' dir='ltr'><strong>Porph.</strong></span> <span class='ocrx_word' id='word_1_222' title='bbox 1215 1997 1278 2042; x_wconf 76' lang='lat' dir='ltr'><strong>(cf.</strong></span> <span class='ocrx_word' id='word_1_223' title='bbox 1303 2002 1336 2034; x_wconf 80' lang='lat' dir='ltr'><strong>et</strong></span> <span class='ocrx_word' id='word_1_224' title='bbox 1363 1997 1470 2034; x_wconf 70' lang='lat' dir='ltr'><strong>schol.</strong></span> <span class='ocrx_word' id='word_1_225' title='bbox 1497 1997 1549 2041; x_wconf 78' lang='lat' dir='ltr'><strong>vf</strong></span> 
     </span>
     <span class='ocr_line' id='line_1_32' title="bbox 195 2044 1541 2130; baseline -0.004 -46"><span class='ocrx_word' id='word_1_226' title='bbox 195 2060 231 2095; x_wconf 80' lang='lat' dir='ltr'><strong>p.</strong></span> <span class='ocrx_word' id='word_1_227' title='bbox 252 2050 336 2092; x_wconf 81' lang='lat'><strong><em>307,</em></strong></span> <span class='ocrx_word' id='word_1_228' title='bbox 355 2050 432 2093; x_wconf 88' lang='lat'><em>30),</em></span> <span class='ocrx_word' id='word_1_229' title='bbox 457 2047 545 2130; x_wconf 57' lang='lat' dir='ltr'><strong>fuge</strong></span> <span class='ocrx_word' id='word_1_230' title='bbox 569 2046 640 2082; x_wconf 82' lang='lat' dir='ltr'><strong>rite</strong></span> <span class='ocrx_word' id='word_1_231' title='bbox 666 2046 737 2082; x_wconf 85' lang='lat' dir='ltr'><strong>aE</strong></span> <span class='ocrx_word' id='word_1_232' title='bbox 807 2045 884 2081; x_wconf 82' lang='lat'><strong>209</strong></span> <span class='ocrx_word' id='word_1_233' title='bbox 908 2056 989 2081; x_wconf 81' lang='lat' dir='ltr'><strong>cum</strong></span> <span class='ocrx_word' id='word_1_234' title='bbox 1014 2046 1174 2081; x_wconf 82' lang='lat' dir='ltr'><strong>lemmate</strong></span> <span class='ocrx_word' id='word_1_235' title='bbox 1197 2044 1356 2081; x_wconf 82' lang='lat' dir='ltr'><strong>lemures</strong></span> <span class='ocrx_word' id='word_1_236' title='bbox 1380 2045 1541 2090; x_wconf 78' lang='lat' dir='ltr'><strong>exempla</strong></span> 
     </span>
     <span class='ocr_line' id='line_1_33' title="bbox 204 2092 1543 2136; baseline -0.002 -5"><span class='ocrx_word' id='word_1_237' title='bbox 204 2096 319 2131; x_wconf 81' lang='lat' dir='ltr'><strong>Vatic.</strong></span> <span class='ocrx_word' id='word_1_238' title='bbox 341 2098 410 2131; x_wconf 79' lang='lat'><strong>154</strong></span> <span class='ocrx_word' id='word_1_239' title='bbox 527 2094 575 2130; x_wconf 84' lang='lat'><strong>10</strong></span> <span class='ocrx_word' id='word_1_240' title='bbox 608 2115 644 2119; x_wconf 98' lang='lat'><strong>—</strong></span> <span class='ocrx_word' id='word_1_241' title='bbox 670 2103 842 2128; x_wconf 86' lang='lat' dir='ltr'><strong>numeras</strong></span> <span class='ocrx_word' id='word_1_242' title='bbox 867 2094 911 2129; x_wconf 86' lang='lat' dir='ltr'><strong>ob</strong></span> <span class='ocrx_word' id='word_1_243' title='bbox 935 2092 1074 2128; x_wconf 85' lang='lat' dir='ltr'><strong>natalis</strong></span> <span class='ocrx_word' id='word_1_244' title='bbox 1097 2093 1207 2128; x_wconf 68' lang='lat' dir='ltr'><strong>subsc.</strong></span> <span class='ocrx_word' id='word_1_245' title='bbox 1226 2093 1322 2129; x_wconf 84' lang='lat' dir='ltr'><strong>Serv.</strong></span> <span class='ocrx_word' id='word_1_246' title='bbox 1343 2093 1419 2128; x_wconf 81' lang='lat' dir='ltr'><strong>buc.</strong></span> <span class='ocrx_word' id='word_1_247' title='bbox 1441 2095 1475 2136; x_wconf 90' lang='lat'><strong>3,</strong></span> <span class='ocrx_word' id='word_1_248' title='bbox 1496 2094 1543 2128; x_wconf 82' lang='lat'><strong>⁷6</strong></span> 
     </span>
     <span class='ocr_line' id='line_1_34' title="bbox 197 2140 1273 2189; baseline -0.002 -11"><span class='ocrx_word' id='word_1_249' title='bbox 197 2142 274 2178; x_wconf 79' lang='lat'><strong>212</strong></span> <span class='ocrx_word' id='word_1_250' title='bbox 299 2143 408 2178; x_wconf 87' lang='lat' dir='ltr'><strong>iuuat</strong></span> <span class='ocrx_word' id='word_1_251' title='bbox 430 2142 479 2189; x_wconf 67' lang='lat' dir='ltr'><strong>(D</strong></span> <span class='ocrx_word' id='word_1_252' title='bbox 495 2141 561 2188; x_wconf 64' lang='grc' dir='ltr'>(ξι),</span> <span class='ocrx_word' id='word_1_253' title='bbox 586 2141 690 2178; x_wconf 80' lang='lat' dir='ltr'><strong>leuat</strong></span> <span class='ocrx_word' id='word_1_254' title='bbox 714 2152 735 2180; x_wconf 89' lang='grc' dir='ltr'><strong><em>ς</em></strong></span> <span class='ocrx_word' id='word_1_255' title='bbox 762 2142 853 2185; x_wconf 76' lang='lat' dir='ltr'><strong>(non</strong></span> <span class='ocrx_word' id='word_1_256' title='bbox 877 2140 1015 2176; x_wconf 76' lang='lat' dir='ltr'><em>Bland.</em></span> <span class='ocrx_word' id='word_1_257' title='bbox 1034 2151 1098 2176; x_wconf 76' lang='lat' dir='ltr'><strong>nec</strong></span> <span class='ocrx_word' id='word_1_258' title='bbox 1122 2140 1273 2186; x_wconf 70' lang='lat' dir='ltr'><strong>Por-ph.)</strong></span> 
     </span>
    </p>
   </div>
  </div>
 </body>
</html>
