1586 2514
201 90 283 133 128
721 90 865 127 CARM.
892 90 959 126 1111
979 94 1011 127 s,

803 201 934 243 VIII.

358 284 579 327 Donarem
606 290 776 340 pateras
804 291 1014 340 grataque
1042 285 1303 328 commodus.

358 343 607 395 Censorino,
635 343 742 386 meis
767 359 866 392 aera
891 343 1124 394 sodalibus,

356 402 563 446 donarem
589 402 797 459 tripodas,
826 402 1019 459 praemia
1046 403 1232 445 fortium

358 460 609 513 Graiorum,
633 477 770 518 neque
794 468 842 504 tu
865 477 1063 518 pessuma
1086 476 1313 504 munerum

216 536 233 562 5
359 520 508 572 ferres,
528 521 666 564 divite
687 536 754 563 me
774 521 939 563 scilicet
958 520 1121 563 artium

356 594 464 636 quas
489 585 566 623 aut
591 580 852 623 Parrhasius
875 579 1062 636 protulit
1086 586 1163 622 aut
1189 579 1361 635 Scopas.

358 638 428 682 hic
451 653 569 691 saxo,
595 639 791 695 liquidus
815 638 891 682 ille
915 638 1131 682 coloribus

356 698 507 741 sollers
535 714 649 742 nunc
677 698 898 741 hominem
926 713 1096 755 ponere,
1127 713 1240 742 nunc
1270 698 1411 742 deum.

357 758 431 800 sed
462 772 550 801 non
580 757 682 801 haec
713 757 825 800 mihi
854 758 934 810 vis,
966 773 1054 801 non
1084 756 1169 800 tibi
1201 756 1357 801 talium

201 831 235 857 10
360 832 425 859 res
449 823 513 860 est
537 823 615 860 aut
638 817 811 860 animus
835 817 1091 860 deliciarum
1116 832 1256 873 egens.

358 876 520 932 gaudes
550 876 839 929 carminibus;
878 876 1069 919 carmina
1100 891 1324 932 possumus

360 935 519 978 donare
545 942 587 978 et
613 936 804 992 pretium
829 935 970 978 dicere
997 935 1179 978 muneri.

360 1009 447 1037 non
474 995 611 1038 incisa
639 995 755 1038 notis
783 1010 998 1038 marmora
1026 994 1228 1050 publicis,

359 1069 435 1110 per
461 1069 571 1110 quae
595 1054 779 1110 spiritus
806 1060 849 1097 et
874 1054 966 1096 vita
993 1053 1107 1096 redit
1134 1053 1258 1096 bonis

203 1128 235 1154 ιο
361 1119 459 1169 post
484 1119 668 1156 mortem
694 1113 892 1164 ducibus,
922 1128 1008 1156 non
1035 1112 1202 1156 ‘celeres
1229 1113 1363 1169 fugae

360 1172 627 1228 reiectaeque
655 1178 889 1215 retrorsum
920 1172 1186 1215 Hannibalis
1215 1171 1387 1223 minae’,

360 1246 447 1275 non
475 1231 690 1274 ‘incendia
721 1231 1012 1288 Karthaginis
1041 1230 1203 1287 inpiae’

360 1291 466 1342 eius,
495 1290 585 1346 ‘qui
612 1291 780 1334 domita
806 1306 963 1334 nomen
990 1291 1044 1333 ab
1073 1290 1232 1334 Africa

359 1351 544 1392 lucratus
570 1350 723 1404 rediit’,
750 1351 902 1392 clarius
929 1350 1117 1392 indicant

199 1425 235 1452 20
360 1410 508 1453 laudes
535 1426 667 1466 quam
697 1410 907 1453 Calabrae
936 1409 1133 1453 Pierides
1161 1425 1311 1466 neque,

359 1470 398 1512 si
423 1470 595 1513 chartae
618 1470 776 1512 sileant
799 1469 915 1525 quod
941 1469 1046 1512 bene
1070 1469 1238 1516 feceris,

363 1529 600 1572 mercedem
628 1528 792 1572 tuleris.
840 1528 947 1585 quid
977 1529 1093 1571 foret
1123 1528 1232 1572 Iliae

363 1588 663 1645 Mavortisque
690 1604 810 1644 puer,
839 1589 876 1631 si
904 1588 1182 1631 taciturnitas

361 1648 553 1690 obstaret
582 1647 750 1691 meritis
779 1647 930 1690 invida
961 1647 1176 1690 Romuli?

295 1764 471 1810 &AB
565 1764 781 1811 Θαῑφ,

296 1872 334 1919 8,
363 1872 382 1907 1
413 1872 626 1908 commodus
645 1871 693 1917 Q
710 1871 760 1918 Q
778 1872 914 1916 Porph.
936 1872 976 1914 (ι’.
996 1872 1103 1907 schol.
1125 1871 1214 1914 AV)
1241 1872 1425 1914 (numici),
1451 1878 1549 1904 com-

201 1919 321 1955 modis
344 1922 374 1954 Φ
458 1919 497 1955 6.
518 1919 556 1955 8.
580 1919 598 1954 7
622 1919 703 1963 (hoc
721 1919 863 1963 ordine)
890 1919 932 1954 ob
957 1929 1094 1963 ponere
1120 1919 1215 1955 Serv.
1236 1921 1332 1953 auct.
1346 1918 1437 1953 Aen.
1453 1920 1488 1961 6,
1499 1919 1549 1952 20

200 1967 226 2002 6
252 1966 351 2009 Quas
378 1973 444 2002 aut
467 1968 516 2014 Q
532 1966 599 2014 Q,
632 1965 760 2009 Qualis
787 1966 917 2010 (Serv.)
1038 1965 1197 2011 protulit
1219 1965 1268 2011 Q
1284 1964 1351 2012 Θ,
1382 1963 1550 2010 prodidit

202 2015 332 2060 (Serv.)
437 2014 460 2049 9
485 2025 560 2050 non
585 2014 657 2049 tibi
681 2014 729 2060 Q
746 2013 812 2061 Θ,
844 2024 912 2049 nec
937 2013 1009 2048 tibi
1035 2016 1059 2050 δ
1082 2013 1222 2049 Bland.
1330 2011 1379 2048 12
1405 2012 1549 2047 muneri

198 2063 248 2110 Q
265 2062 331 2116 Q,
362 2062 526 2098 muneris
552 2074 573 2102 ς
672 2061 818 2097 14—17
846 2061 974 2097 delevit
996 2061 1229 2106 Peerlkamp,
1255 2059 1304 2095 15
1328 2070 1404 2095 non
1429 2080 1472 2086 -
1500 2058 1550 2094 19

199 2110 314 2146 rediit
346 2110 475 2146 delevit
503 2110 739 2152 Lachmann,
772 2108 819 2144 17
853 2109 980 2144 delevit
1014 2109 1189 2153 Beatum
1226 2108 1433 2154 Porphyrio
1466 2107 1550 2153 leyit

201 2169 234 2193 v.
255 2156 319 2204 14,
341 2156 387 2192 17
410 2157 532 2201 (schol.
553 2159 609 2202 Γ),
631 2157 680 2192 18
773 2156 821 2192 15
847 2156 983 2197 celeres
1009 2155 1122 2201 fugae
1145 2154 1206 2203 Θ,
1233 2153 1362 2190 celeris
1388 2154 1479 2201 fuga
1501 2154 1550 2201 Θ

199 2215 274 2251 eqo,
293 2206 435 2251 partim
460 2205 628 2241 Elterum
651 2208 803 2247 secutus,
829 2205 959 2249 opinor
983 2203 1090 2239 verba
1114 2203 1152 2238 in
1184 2206 1351 2239 contextu
1377 2202 1550 2239 distincta

198 2257 346 2298 sumpta
364 2264 435 2289 esse
455 2254 500 2289 ab
514 2253 675 2288 Horatio
693 2263 738 2287 ex
756 2252 996 2287 marmoribus
1011 2251 1182 2297 publicis,
1202 2250 1398 2286 dumtaxat
1409 2261 1435 2286 a

200 2304 311 2337 metro
335 2312 400 2337 suo
433 2301 630 2345 adaptata,
662 2310 726 2335 nec
756 2303 877 2335 tamen
907 2300 953 2334 ab
977 2310 1056 2335 una
1079 2302 1215 2342 statua,
1249 2298 1312 2334 aed
1335 2310 1359 2333 a
1383 2297 1550 2339 cimbam

202 2347 283 2383 eius
309 2348 399 2383 mihi
422 2353 473 2383 est
497 2347 584 2383 talis
611 2346 679 2382 viri
