1586 2514
559 83 705 121 CARM.
731 83 749 119 1
774 87 830 119 34.
852 86 909 118 35.

319 200 450 242 cogor
474 183 678 227 relectos:
711 196 898 238 namque
923 180 1162 236 Diespiter,

318 245 417 302 igni
443 257 618 287 corusco
643 242 797 286 nubila
823 240 1023 284 dividens

375 303 646 361 plerumque,
674 317 751 359 per
777 316 936 358 purum
963 298 1157 342 tonantis

429 363 523 420 egit
550 377 681 419 equos
705 361 1011 416 volucremque
1039 373 1228 408 currum,

320 473 408 516 quo
437 458 567 502 bruta
595 457 724 501 tellus
753 462 796 500 et
823 471 935 512 vaga
964 452 1171 503 flumina,

321 533 407 575 quo
431 517 544 574 Styx
567 523 610 560 et
630 516 764 559 invisi
787 514 963 558 horrida
988 513 1175 557 Taenari

372 577 495 621 sedes
517 576 841 632 Atlanteusque
864 574 975 618 finis

428 636 690 680 concutitur.
736 635 852 678 valet
878 635 968 677 ima
995 632 1179 677 summis

322 740 491 776 mutare
517 738 560 775 et
584 731 805 787 insignem
831 735 1031 774 attenuat
1056 728 1161 772 deus

322 792 502 836 obscura
526 806 752 848 promens;
785 790 887 833 hinc
911 790 1079 846 apicem
1104 802 1240 844 rapax

375 851 577 895 Fortuna
603 866 701 894 cum
726 850 914 893 stridore
940 855 1067 893 acuto

426 911 622 962 sustulit,
653 911 723 953 hic
750 910 943 966 posuisse
971 909 1146 966 gaudet.

630 1082 831 1125 XXXV.

269 1160 307 1204 Ο
335 1161 451 1211 diva,
481 1165 658 1217 gratum
684 1175 796 1215 quae
824 1159 940 1215 regis
968 1159 1175 1206 Antium,

266 1234 468 1277 praesens
490 1218 560 1262 vel
582 1218 673 1262 imo
696 1218 848 1261 tollere
872 1218 925 1262 de
949 1218 1090 1275 gradu

322 1278 506 1323 mortale
531 1293 685 1335 corpus
708 1279 777 1322 vel
803 1278 1010 1336 superbos

374 1345 541 1383 vertere
567 1338 799 1382 funeribus
826 1338 1098 1395 triumphos:

268 1442 310 1478 te
339 1450 506 1492 pauper
533 1434 675 1478 ambit
703 1433 895 1477 sollicita
923 1449 1046 1490 prece

267 1494 382 1538 ruris
413 1494 603 1545 colonus,
635 1499 678 1537 te
709 1493 934 1537 dominam
965 1493 1165 1550 aequoris

322 1554 587 1612 quicumque
618 1553 818 1610 Bithyna
844 1553 1017 1597 lacessit

378 1613 671 1671 Carpathium
700 1613 882 1671 pelagus
911 1613 1083 1666 carina;

269 1716 312 1754 te
337 1709 483 1754 Dacus
506 1724 644 1766 asper,
670 1715 713 1752 te
736 1708 921 1765 profugi
947 1707 1136 1765 Scythae

269 1769 481 1826 urbesque
511 1774 747 1826 gentesque
776 1774 820 1812 et
849 1768 1031 1812 Latium
1060 1768 1187 1812 ferox

323 1844 563 1886 regumque
594 1834 754 1872 matres
785 1827 1070 1872 barbarorum
1101 1833 1146 1871 et

378 1888 589 1946 purpurei
618 1894 818 1932 metuont
847 1888 1040 1944 tyranni,

148 1993 380 2040 ffleADE
473 1992 656 2040 (ῷαφψ

1355 77 1413 120 43

1380 527 1413 552 10

1383 862 1413 888 15

1382 1781 1417 1810 10

150 2075 175 2112 5
192 2075 353 2113 relectos
374 2076 566 2120 Heinsius,
586 2077 752 2123 Bentley,
773 2076 924 2112 relictos
942 2076 1054 2124 &Q
1087 2075 1282 2121 (Eutych.)
1314 2085 1419 2110 nam-

54 2134 129 2169 quo
152 2123 344 2170 Diespiter
371 2123 592 2170 plerumque
618 2135 687 2170 per
710 2135 844 2170 purum
877 2125 931 2160 sic
954 2124 1127 2159 mutilata
1159 2123 1203 2159 ob
1227 2121 1420 2168 Diespiter

55 2171 178 2217 adfert
212 2171 309 2209 Serv.
342 2172 435 2211 Aen.
462 2174 504 2215 9,
524 2174 598 2208 567
718 2171 744 2207 9
775 2174 814 2208 et
846 2171 959 2207 bruta
989 2170 1103 2207 tellus
1135 2171 1179 2207 ob
1203 2171 1420 2206 sententiam

54 2219 152 2257 Serv.
190 2220 282 2256 Aen.
317 2223 382 2264 10,
414 2222 487 2256 102
609 2219 659 2255 18
696 2220 884 2266 insignem
921 2220 970 2267 ᾧ
993 2219 1044 2267 Θ
1079 2219 1232 2264 ΡονΡΙι.,
1270 2217 1418 2264 insigne

55 2267 218 2362 ΒἪ
239 2314 260 2351 1
289 2314 354 2363 [ᾧ
367 2329 376 2351 z
389 2315 607 2363 ABDE]
706 2315 754 2351 12
775 2326 982 2362 purpureos
1001 2317 1182 2361 tyrannos
1202 2314 1418 2351 versiculum

54 2363 142 2408 facit
165 2363 261 2400 Serv.
281 2375 434 2411 yramm.
454 2365 482 2399 Ι
487 2364 518 2400 V
535 2366 620 2407 463,
643 2367 664 2399 7
