1586 2514
162 119 244 162 198
686 117 826 154 SERM.
851 118 868 153 I
893 122 926 154 6.
947 122 978 154 7.

233 233 416 274 pransus
444 233 530 261 non
561 218 699 269 avide,
729 223 942 274 quantum
971 216 1219 273 interpellet
1247 215 1369 259 inani

232 282 380 320 ventre
397 277 514 320 diem
532 277 700 328 durare,
720 276 979 320 domesticus
996 276 1121 319 otior.
1149 275 1252 319 haee
1267 280 1332 318 est

232 336 325 380 vita
352 336 594 379 solutorum
626 336 784 379 misera
810 335 1049 379 ambitione
1078 333 1309 391 gravique;

165 411 217 438 130
236 395 303 438 his
322 410 390 438 me
410 395 605 438 consolor
622 395 839 438 victurum
858 394 1031 437 suavius
1050 409 1097 437 ac
1116 393 1154 437 si

234 460 434 511 quaestor
457 469 558 497 avos
582 460 704 510 pater
726 460 855 510 atque
879 468 997 496 meus
1019 459 1280 509 patruosque
1302 451 1502 495 fuissent.

780 607 885 651 VII.

220 679 462 736 Proscripti
495 679 631 735 Regis
664 677 820 735 Rupili
853 693 932 734 pus
964 684 1093 733 atque
1123 691 1334 720 venenum

221 738 395 782 hibrida
426 754 513 795 quo
547 744 672 795 pacto
702 738 763 781 sit
794 737 968 781 Persius
1001 737 1131 788 ultus,
1165 735 1320 792 opinor

222 798 422 842 omnibus
445 804 488 841 et
510 798 646 854 lippis
669 803 821 841 notum
846 803 889 840 et
912 796 1158 841 tonsoribus
1179 810 1281 839 esse.

221 857 397 901 Persius
426 857 496 900 hic
527 872 763 914 permagna
790 857 965 912 negotia
994 855 1112 898 dives
1140 854 1326 898 habebat

184 933 202 960 5
222 917 506 968 Clazomenis,
539 917 672 959 etiam
705 916 798 959 litis
828 931 925 958 cum
956 915 1076 971 Rege
1108 914 1321 965 molestas,

220 976 356 1019 durus
378 976 505 1019 homo
528 981 657 1032 atque
681 974 780 1018 odio
803 975 879 1031 qui
902 980 1043 1030 posset
1064 974 1233 1017 vincere
1254 973 1434 1028 Regem,

223 1035 450 1078 confidens
479 1034 688 1086 tumidus,
721 1034 826 1077 adeo
855 1033 1062 1077 sermonis
1091 1032 1242 1083 amari,

225 1094 441 1145 Sisennas,
472 1094 631 1137 Barros
660 1099 709 1136 ut
735 1093 856 1149 equis
883 1097 1175 1149 praecurreret
1201 1090 1324 1141 albis.

224 1154 278 1197 ad
308 1154 474 1210 Regem
506 1153 643 1196 redeo.
683 1158 911 1208 postquam
941 1151 1055 1194 nihil
1083 1151 1197 1194 inter
1227 1156 1457 1206 utrumque

173 1229 206 1255 10
225 1213 424 1256 convenit
458 1211 556 1267 (hoc
588 1212 749 1255 etenim
776 1217 881 1254 sunt
909 1226 1055 1253 omnes
1084 1209 1178 1256 iure
1208 1208 1378 1252 molesti

223 1287 309 1327 quo
330 1272 479 1322 fortes,
504 1271 662 1327 quibus
682 1270 907 1313 adversum
927 1269 1089 1312 bellum
1109 1268 1292 1311 incidit:
1319 1267 1433 1311 inter

226 1331 415 1374 Hectora
440 1329 708 1380 Priamiden,
736 1329 979 1372 animosum
1003 1334 1132 1384 atque
1155 1327 1269 1370 inter
1293 1325 1515 1369 Achillem

226 1390 292 1433 ira
321 1390 414 1433 fuit
445 1389 658 1446 capitalis,
690 1394 739 1431 ut
769 1388 925 1431 ultima
955 1387 1169 1430 divideret
1198 1401 1325 1438 mors,

227 1465 312 1492 non
334 1449 467 1492 aliam
493 1448 546 1491 ob
570 1463 754 1499 causam,
779 1446 866 1490 nisi
888 1446 1003 1503 quod
1025 1446 1165 1489 virtus
1186 1445 1235 1488 in
1257 1451 1438 1501 utroque

176 1525 207 1550 15
225 1524 394 1551 summa
422 1508 538 1561 fuit3
577 1507 664 1550 duo
690 1506 727 1550 si
755 1506 973 1549 discordia
997 1510 1124 1548 vexet
1151 1503 1304 1548 inertis

227 1573 304 1611 aut
329 1567 366 1610 si
398 1566 647 1623 disparibus
672 1565 834 1609 bellum
862 1564 1042 1615 incidat,
1073 1570 1122 1607 ut
1150 1563 1356 1607 Diomedi

228 1643 325 1670 cum
354 1626 492 1682 Lycio
522 1625 702 1677 Glauco,
731 1624 924 1668 discedat
951 1648 1005 1653 -—
1035 1623 1238 1680 pulcrior,
1269 1622 1384 1666 ultro

228 1685 479 1729 muneribus
504 1684 695 1740 missis):
731 1684 869 1727 Bruto
892 1689 1088 1740 praetore
1111 1688 1283 1726 tenente

229 1746 365 1788 ditem
395 1745 566 1795 Asiam,
600 1743 755 1799 Rupili
786 1749 829 1786 ct
859 1742 982 1786 Persi
1012 1758 1091 1798 par
1121 1747 1301 1798 pugnat,
1334 1740 1400 1784 uti
1430 1756 1514 1784 non

176 1821 211 1847 20
230 1804 502 1860 conpositum
530 1803 685 1846 melius
715 1818 812 1845 cum
843 1802 975 1845 Bitho
1006 1801 1229 1844 Bacchius.
1267 1799 1316 1843 in
1343 1799 1411 1843 ius

266 1908 538 1955 φιαυΕΚ
632 1906 814 1954 Θαῖφ

272 1990 348 2026 130
372 1990 559 2025 uicturum
583 1989 631 2036 (D
648 1989 709 2036 Q,
734 1988 900 2023 uicturus
926 1999 948 2027 ς
970 1986 1074 2022 Goth.
1097 1989 1157 2030 (ex
1175 1986 1308 2031 Porph.
1323 1997 1363 2031 p.
1381 1987 1467 2028 269,
1481 1987 1518 2028 7)

178 2038 249 2074 131
276 2039 434 2083 patruus
459 2036 522 2081 (-is
551 2037 606 2081 K)
631 2036 680 2083 (ξ)
697 2035 747 2083 Q
769 2035 917 2080 Porph„
941 2035 1091 2079 praetor
1115 2034 1293 2070 Biicheler
1363 2032 1521 2067 fuissent

176 2087 224 2132 Q)
240 2085 289 2133 Q
310 2085 493 2130 (Porph.),
519 2084 651 2118 fuisset
676 2083 742 2122 135

275 2133 311 2178 7,
332 2131 356 2167 4
382 2132 484 2166 dives
510 2130 649 2176 agebat
669 2132 752 2174 (sic)
774 2128 1001 2164 Clazomenis
1021 2129 1064 2164 ob
1084 2128 1154 2163 loci
1171 2138 1300 2163 nomen
1318 2126 1413 2163 Serv.
1428 2127 1519 2161 Aen.

177 2183 211 2223 4,
231 2182 301 2215 345
374 2178 397 2214 5
424 2180 462 2213 et
486 2178 562 2213 iam
588 2178 704 2213 Bothe
788 2177 806 2212 7
835 2176 1001 2211 tumidus
1026 2175 1074 2222 (D
1165 2174 1316 2216 Bland„
1339 2172 1522 2208 tumidus-

178 2237 251 2272 que
278 2229 308 2262 Φ
381 2225 405 2261 8
430 2226 559 2261 barros
583 2225 631 2272 Q
648 2224 709 2272 Q,
734 2234 863 2259 uarros
889 2223 1034 2259 DK¹Q5
1131 2221 1156 2257 6
1181 2222 1258 2256 Aut
1280 2221 1328 2268 Θ
1344 2220 1405 2268 Q,
1430 2220 1481 2255 At
1500 2231 1522 2259 ς

178 2274 224 2310 17
259 2272 479 2320 pulc(h)rior
507 2272 638 2320 QQ,
669 2271 812 2318 pigrior
843 2271 886 2306 K
907 2270 1038 2306 Bland.
1060 2281 1098 2313 ςς
1133 2268 1302 2304 ‘cedente
1331 2267 1520 2303 inferiore’

179 2322 312 2367 Porph.
398 2320 450 2356 20
475 2319 726 2364 Compositum
746 2319 795 2366 G)
811 2318 872 2366 Q,
898 2317 1132 2363 Compositus
1150 2317 1241 2352 ΒΚ
1244 2317 1283 2350 u
1330 2315 1370 2351 in
1394 2314 1452 2350 ius
1475 2314 1524 2361 Q

177 2369 228 2416 Q
253 2370 387 2414 Porph.
414 2369 451 2414 (i.
472 2368 577 2404 schol.
600 2368 673 2403 PV
687 2378 726 2412 p.
747 2369 807 2410 91,
825 2369 879 2411 2),
903 2366 1005 2401 intus
1030 2365 1168 2400 Bland.
