1586 2514
197 110 285 154 274
699 110 844 147 EPIST.
869 110 885 145 1
915 113 966 146 14.
989 114 1042 146 15.
1065 83 1068 86 ‚

250 226 401 267 meque
423 216 467 254 et
489 216 555 254 te:
584 226 685 254 nam
707 225 816 266 quae
839 210 1005 253 deserta
1027 215 1071 253 et
1091 209 1313 266 inhospita
1335 214 1484 265 tesqua

195 285 231 312 20
250 270 400 321 credis,
431 284 609 313 amoena
638 275 760 312 vocat
789 285 954 312 mccum
982 269 1059 324 qui
1089 268 1234 320 sentit,
1265 273 1309 312 et
1336 267 1431 312 odit

248 345 357 385 quae
383 335 432 372 tu
458 329 640 385 pulchra
665 335 804 385 putas.
840 328 990 372 fornix
1018 327 1103 371 tibi
1129 333 1173 371 et
1198 333 1327 372 uncta
1352 327 1513 385 popina

248 388 472 432 incutiunt
495 388 625 431 Vrbis
652 387 927 439 desiderium,
954 387 1093 439 video,
1121 392 1164 430 et
1189 387 1304 444 quod

248 447 434 504 angulus
457 447 540 490 iste
565 448 680 491 feret
701 447 826 504 piper
849 453 892 490 et
915 453 986 490 tus
1010 446 1127 490 ocius
1152 462 1235 490 uva
1272 478 1275 479 ν

251 522 327 552 nec
349 506 493 550 vicina
515 506 661 550 subest
683 507 833 550 vinum
858 506 1060 563 praebere
1083 505 1262 549 taberna

195 582 229 609 25
248 581 357 622 quae
381 565 519 622 possit
543 566 628 609 tibi
652 581 728 609 nec
753 565 956 609 meretrix
982 564 1166 608 tibicina
1188 564 1313 608 cuius

251 625 306 668 ad
327 625 559 681 strepitum
580 625 712 668 salias
735 630 872 668 terrae
896 623 1064 680 gravis3
1094 629 1139 667 et
1161 629 1307 667 tamen
1329 638 1455 680 urges

250 684 511 741 iampridem
527 699 614 728 non
629 690 746 728 tacta
760 684 983 741 ligonibus
997 699 1100 726 arva
1116 682 1351 740 bovemque

248 744 516 787 disiunctum
545 759 667 787 curas
696 750 739 787 et
766 743 928 794 strictis
956 742 1189 786 frondibus
1217 742 1375 799 exples.

251 803 375 846 addit
399 818 505 859 opus
528 804 656 860 pigro
681 803 808 855 rivos,
834 803 871 846 si
893 802 1057 845 decidit
1081 801 1233 853 imber,

198 879 233 905 30
252 863 390 906 multa
410 863 522 906 mole
540 863 757 906 docendus
775 862 922 919 aprico
943 877 1114 919 parcere
1133 867 1270 918 prato.

248 938 360 966 nunc
389 938 482 979 age,
512 922 620 979 quid
648 927 844 966 nostrum
873 928 1124 965 concentum
1153 919 1336 972 dividat,
1367 919 1483 963 audi.

247 997 375 1038 quem
408 988 556 1025 tenues
588 981 765 1025 decuere
797 987 922 1039 togae
954 980 1173 1037 nitidique
1205 979 1368 1037 capilli,

246 1057 374 1098 quem
401 1041 485 1084 scis
513 1041 737 1084 inmunem
767 1041 951 1084 Cinarae
978 1040 1189 1097 placuisse
1217 1038 1376 1096 rapaci,

247 1116 375 1157 quem
400 1100 600 1143 bibulum
625 1100 784 1157 liquidi
811 1100 953 1143 media
979 1099 1030 1142 de
1055 1099 1148 1142 luce
1173 1097 1378 1142 Falerni:

198 1175 232 1202 35
252 1175 355 1203 cena
375 1159 515 1203 brevis
537 1160 658 1203 iuvat
680 1166 723 1202 et
744 1174 877 1216 prope
898 1160 1036 1202 rivom
1057 1173 1231 1202 somnus
1250 1157 1299 1201 in
1320 1157 1474 1210 herba;

246 1234 323 1263 nec
343 1219 494 1263 lusisse
516 1219 664 1275 pudet,
687 1219 760 1262 sed
782 1234 868 1262 non
889 1218 1078 1262 incidere
1099 1217 1265 1261 ludum.

248 1294 333 1322 non
358 1278 458 1322 istic
484 1278 661 1335 obliquo
687 1278 809 1321 oculo
836 1293 930 1321 mea
953 1277 1178 1322 commoda
1203 1276 1432 1334 quisquam

245 1338 385 1390 limat,
417 1352 504 1381 non
534 1337 634 1381 odio
665 1337 842 1381 obscuro
873 1352 1102 1394 morsuque
1129 1341 1336 1380 venenat:

246 1397 392 1441 rident
416 1397 550 1441 vicini
578 1396 752 1454 glaebas
779 1403 823 1440 et
849 1412 952 1440 saxa
980 1401 1220 1440 moventem

193 1473 228 1500 40
247 1473 345 1501 cum
370 1457 516 1500 servis.
556 1456 722 1500 urbana
749 1456 890 1500 diaria
918 1456 1066 1499 rodere
1094 1455 1244 1507 mavis,

247 1517 400 1560 horum
431 1522 480 1560 tu
511 1516 560 1559 in
589 1531 817 1559 numerum
846 1521 946 1559 voto
977 1516 1091 1568 ruis;
1131 1514 1298 1558 invidet
1328 1530 1454 1558 usum

247 1576 469 1633 lignorum
496 1581 540 1619 et
567 1575 731 1632 pecoris
760 1575 844 1618 tibi
873 1575 965 1619 calo
993 1580 1175 1631 argutus
1203 1580 1246 1618 et
1273 1573 1401 1617 horti.

248 1641 370 1692 optat
399 1635 607 1692 ephippia
635 1634 724 1686 bos,
754 1635 880 1691 piger
908 1640 1031 1691 optat
1058 1649 1179 1677 arare
1208 1632 1422 1677 caballus:

246 1711 377 1752 quam
407 1695 490 1738 scit
522 1700 715 1750 uterque,
749 1694 902 1746 libens,
937 1693 1125 1745 censebo,
1160 1698 1351 1736 exerceat
1383 1698 1532 1735 artem.

812 1848 913 1892 XV.

246 1921 366 1976 Quae
395 1921 454 1964 sit
484 1921 620 1963 hiems
649 1919 810 1971 Veliae,
841 1919 956 1975 quod
986 1918 1164 1970 caelum,
1195 1917 1317 1970 Vala,
1349 1916 1533 1968 Salerni,

246 1996 430 2036 quorum
448 1979 673 2022 hominum
691 1979 811 2035 regio
829 1984 872 2021 et
888 1978 1028 2034 qualis
1044 1978 1115 2020 via
1137 1976 1257 2032 (nam
1276 1976 1386 2020 mihi
1405 1976 1536 2020 Baias

286 2061 334 2107 Q)
347 2075 354 2095 :
369 2059 516 2096 aA²E
607 2059 657 2106 Θ
673 2073 681 2094 ι
696 2060 790 2094 ΒΦ
1309 2108 1320 2114 -

288 2131 337 2167 19
363 2131 485 2176 qu(a)e
505 2131 544 2165 E
560 2130 620 2178 Θ,
646 2140 721 2175 qua
739 2130 877 2165 Bland.
899 2134 930 2166 et
949 2141 970 2164 α
991 2133 1024 2164 et
1034 2130 1161 2174 prima
1179 2139 1312 2164 manus
1329 2128 1403 2164 cod.
1424 2127 1479 2164 ΑΞ
1496 2131 1538 2163 ut

192 2179 263 2215 vid.
356 2178 406 2214 25
431 2178 551 2223 possit
575 2178 670 2222 ΕΦ,
695 2179 821 2223 posset
845 2177 974 2213 aA’R
1057 2175 1108 2212 83
1134 2176 1310 2230 cinai-<200
1335 2177 1449 2226 (-erae
1469 2174 1536 2220 ΑΞ)

191 2227 239 2274 (ᾖ
256 2226 322 2274 Θ,
355 2226 534 2271 cinyr(a)e
560 2226 642 2261 Fu
755 2224 805 2261 40
830 2224 952 2260 diaria
976 2224 1024 2271 ζῇ
1040 2223 1106 2271 Θ,
1139 2223 1281 2259 cibans
1305 2222 1359 2259 13¹
1375 2222 1479 2259 Goth..
1494 2234 1516 2262 ς
1525 2236 1539 2266 ;

193 2272 403 2322 <‘dia1‘ia'>
429 2273 540 2308 aliter
566 2272 749 2309 ‘cibaria'.
773 2273 879 2309 schol.
901 2273 978 2308 ΓΕ
1083 2282 1157 2306 non
1184 2272 1283 2306 ‘cum
1315 2270 1429 2306 servis
1459 2280 1536 2305 mo-

193 2321 353 2356 ventem’
381 2320 446 2357 sed
474 2321 572 2356 ‘cum
599 2320 715 2356 servis
737 2320 866 2355 rodere
891 2319 1023 2354 mavis’
1046 2319 1179 2364 Porph.
1255 2317 1302 2353 41
1331 2317 1473 2352 invidet
1491 2338 1534 2343 —

194 2369 290 2404 horti
316 2369 358 2403 ob
384 2379 455 2404 acc.
478 2370 593 2404 Prisc.
615 2371 673 2412 18,
697 2370 764 2403 138
784 2379 820 2412 2).
841 2370 926 2411 271,
945 2370 992 2402 24
