1586 2514
210 84 295 128 268
562 103 565 106 -
722 84 870 120 EPIST.
898 85 912 120 1
939 90 969 121 9.
993 66 1046 121 m.

262 183 447 239 dignum
476 189 618 227 mente
644 183 857 240 domoque
882 183 1066 240 legentis
1092 183 1269 228 honesta
1295 184 1495 235 Neronis,

225 257 242 283 5
263 258 437 286 munere
465 257 563 286 cum
589 243 721 299 fungi
747 243 963 299 propioris
989 248 1130 286 censet
1153 242 1308 287 amici:

262 301 369 356 quid
399 302 562 357 possim
588 302 708 344 videt
736 317 783 345 ae
812 302 934 345 novit
962 317 1029 345 me
1057 301 1228 345 valdius
1254 300 1363 358 ipso.

262 360 401 403 multa
431 360 608 417 quidem
636 360 746 411 dixi,
776 376 852 403 eur
880 367 1106 404 excusatus
1133 360 1311 412 abirem,

260 419 333 461 sed
364 419 509 471 timui,
539 435 634 463 mea
660 435 713 462 ne
737 394 925 463 ’finxisse
952 420 1121 463 minora
1147 426 1336 476 putarer,
1434 461 1439 464 .

262 477 561 521 dissimulator
590 478 685 546 opis
714 479 927 536 propriae,
957 479 1068 522 mihi
1096 478 1344 522 commodus
1373 478 1462 522 uni.

212 552 244 578 10
262 537 324 580 sie
351 552 445 594 ego,
475 538 653 581 maioris
681 538 859 594 fugiens
888 537 1134 606 opprobria·
1147 537 1312 595 eulpae,

260 596 423 639 frontis
450 596 505 640 ad
532 596 721 640 urbanae
745 597 946 641 descendi
971 597 1177 654 praemia.
1211 595 1367 654 quodsi

261 655 507 712 depositum
535 655 687 700 laudas
713 656 767 699 ob
792 656 923 700 amici
948 657 1065 700 iussa
1090 655 1313 714 pudorem,

258 714 398 758 scribe
427 715 493 758 tui
520 715 667 772 gregis
693 715 805 759 hune
832 722 875 759 et
901 717 1060 759 fortem
1085 715 1209 762 erede
1235 715 1492 773 bonumque.

855 869 916 912 X.

259 939 388 983 Vrbis
413 946 649 984 amatorem
671 940 863 984 Fuscum
885 941 1046 984 salvere
1068 940 1266 984 iubemus

261 999 374 1042 ruris
402 1005 628 1051 amatores,
658 1000 735 1043 hae
761 1000 809 1043 in
835 1015 880 1043 re
905 1000 1070 1043 seilicet
1096 1015 1183 1043 una

260 1058 447 1101 multum
479 1058 728 1110 dissimiles,
762 1064 808 1102 at
838 1064 978 1102 cetera
1009 1074 1144 1115 paene
1174 1058 1349 1115 gemelli

260 1117 467 1160 fraternis
494 1118 678 1161 animis:
709 1117 924 1174 quidquid
948 1123 1082 1174 negat
1104 1117 1227 1170 alter,
1253 1123 1296 1161 et
1318 1117 1441 1168 alter,

222 1191 239 1217 5
267 1176 500 1220 adnuimus
530 1177 708 1233 pariter.
747 1177 883 1220 vetuli
912 1177 1091 1232 notique
1119 1176 1309 1220 columbi

260 1240 307 1277 tu
333 1235 487 1278 nidum
506 1251 662 1287 servas,
685 1251 765 1292 ego
787 1235 917 1278 laudo
939 1236 1052 1278 ruris
1072 1235 1243 1279 amoeni

262 1297 373 1336 rivos
405 1300 448 1337 et
478 1309 624 1338 museo
654 1294 898 1338 circumlita
928 1309 1031 1337 saxa
1061 1309 1307 1351 nemusque.

259 1353 366 1409 quid
393 1354 600 1410 quaeris?
635 1354 732 1396 vivo
758 1360 801 1396 et
826 1368 973 1410 regno,
1000 1353 1132 1396 simul
1157 1352 1244 1396 ista
1268 1353 1439 1410 reliqui,

259 1428 368 1468 quae
394 1427 468 1456 vos
493 1413 547 1456 ad
573 1413 738 1456 eaelum
764 1413 894 1456 fertis
917 1427 1088 1456 rumore
1113 1412 1311 1465 secunde,

209 1487 241 1514 10
261 1477 393 1529 utque
423 1471 658 1515 sacerdotis
687 1472 903 1528 fugitivos
931 1471 1024 1516 liba
1051 1486 1222 1516 recuso:

258 1546 369 1588 pane
396 1546 500 1589 egeo
525 1531 615 1574 iam
639 1530 819 1574 mellitis
844 1531 1013 1598 potiore
1036 1530 1259 1589 placentis.

257 1590 403 1634 vivere
427 1596 608 1635 naturae
629 1591 668 1634 si
693 1591 993 1634 convenienter
1018 1596 1186 1647 oportet

258 1650 565 1718 ponendaeque
591 1650 719 1694 domo
742 1650 987 1718 quaerenda
1010 1656 1074 1694 est
1097 1666 1195 1694 area
1219 1650 1434 1706 primum:

258 1710 473 1754 novistine
503 1710 646 1753 locum
673 1710 887 1766 potiorem
916 1725 1015 1753 rure
1044 1710 1202 1754 beato.

207 1785 238 1811 15
258 1775 322 1813 est
351 1769 426 1812 ubi
454 1770 553 1825 plus
580 1775 755 1825 tepeant
782 1770 957 1821 hiemes,
986 1769 1062 1813 ubi
1088 1769 1256 1826 gratior
1283 1785 1387 1813 aura
1462 1794 1464 1799 ·

262 1829 398 1872 leniat
428 1835 471 1872 et
498 1829 663 1872 rabiem
692 1829 823 1872 Oanis
851 1835 893 1872 et
921 1834 1138 1872 momenta
1166 1829 1338 1881 Leonis,

297 1922 366 1969 Θ;
381 1920 528 1956 ιιΑΞΕ
620 1921 692 1968 Θ;
705 1922 799 1956 ΒΦ

297 2004 336 2051 9,
357 2004 381 2040 6
402 2015 445 2039 ac
464 2004 572 2039 nouit
590 2005 661 2039 aE
676 2005 780 2040 Goth.
801 2015 835 2048 ς,
860 2003 1016 2051 agnouit
1041 2003 1152 2064 A²Q
1222 2002 1372 2039 ualdius
1396 2007 1548 2040 testatur

201 2053 306 2089 schol.
328 2054 363 2087 Γ
384 2052 433 2087 acl
459 2055 527 2088 art.
549 2054 619 2089 321
719 2051 742 2088 8
767 2062 814 2087 ne
838 2052 887 2098 Θ
903 2051 969 2099 Θ,
995 2062 1069 2087 non
1095 2051 1154 2087 111

297 2099 401 2145 10,1
425 2098 867 2154 saluereQQ‚salua1-e
884 2099 999 2140 αΑἳς
1048 2099 1072 2134 8
1093 2098 1199 2145 ΜΘ
1150 2097 1314 2146 ΘΘ(ἰ.
1328 2097 1547 2142 ΕΒῙαηάἿ)

200 2147 248 2182 ad
268 2147 438 2183 aA‘RQ
511 2146 535 2182 6
561 2146 679 2182 uetuh
698 2147 851 2191 notique
877 2146 1040 2182 columbi
1063 2146 1112 2192 Θ
1128 2146 1189 2194 Θ,
1213 2145 1350 2181 notulis
1374 2146 1547 2191 notisque

201 2194 382 2230 columbis
408 2195 544 2230 Bland.
551 2193 565 2215 ²
588 2199 631 2230 ut
654 2195 796 2230 videtur
867 2195 892 2229 9
916 2194 1023 2230 fertis
1106 2193 1159 2247 Θ
1176 2195 1238 2238 (cf.
1252 2196 1482 2238 earm.3,23,
1497 2196 1547 2238 1),

201 2242 339 2277 effertis
366 2242 503 2278 Bland.
525 2254 547 2282 ς
572 2249 590 2277 e
613 2242 732 2288 ylossa
842 2241 891 2277 1⁰
917 2242 949 2277 si
973 2242 1021 2288 Θ
1096 2269 1105 2285 ,
1130 2241 1184 2276 sic
1210 2242 1242 2276 Φ
1334 2240 1382 2276 18
1406 2240 1548 2276 Ponen-

201 2290 344 2335 daeque
368 2290 416 2336 Θ
433 2288 483 2344 Θ
506 2290 613 2325 schol.
634 2289 713 2324 PV
730 2301 767 2335 p.
789 2292 873 2333 243,
891 2292 928 2333 2,
959 2288 1209 2334 ponendaque
1235 2288 1360 2325 ‘codic
1379 2288 1547 2331 Bland',

198 2349 273 2374 non
298 2337 559 2373 vetustissimus
