1586 2514
599 75 745 114 EPIST.
772 76 788 111 1
815 80 847 112 7.
1323 70 1409 113 265

50 201 176 243 saepe
207 182 499 228 verecundum
528 179 734 231 laudasti,
765 193 926 234 rexque
956 181 1165 234 paterque

51 244 216 291 audisti
247 258 407 295 coram,
436 255 514 285 nec
539 239 671 284 verbo
699 237 873 296 parcius
900 235 1076 281 absens:

49 305 232 363 inspice,
259 303 297 346 si
323 316 499 359 possum
522 300 684 344 donata
708 312 913 355 reponere
937 294 1090 339 laetus.

52 363 169 409 haud
196 362 309 406 male
335 359 632 411 Telemachus,
657 358 800 416 proles
824 355 1037 414 patientis
1060 353 1233 397 Vlixei:
1372 367 1407 392 40

52 424 154 468 ‘non
180 427 245 466 est
271 427 400 478 aptus
426 419 551 478 equis
577 419 727 462 Ithace
752 417 885 468 locus,
914 421 964 459 ut
989 429 1127 471 neque
1154 412 1299 470 planis

52 488 275 541 porrectus
305 480 463 538 spatiis
491 494 569 524 nec
597 478 762 522 multae
791 476 1003 533 prodigus
1032 473 1211 525 herbae;

51 541 228 594 Atride,
260 540 402 598 magis
429 545 534 597 apta
559 538 644 582 tibi
672 543 749 581 tua
775 536 890 580 dona
918 532 1194 590 relinquam.'

52 617 232 660 parvom
259 615 394 659 parva
418 599 595 643 decent:
627 597 739 641 mihi
766 596 856 640 iam
881 609 968 638 non
994 593 1116 651 regia
1143 591 1299 643 Roma,

50 661 126 707 sed
152 675 334 705 vacuom
361 659 503 704 Tibur
526 658 670 716 placet
693 662 772 701 aut
796 654 958 699 inbelle
985 654 1238 698 Tarentum.
1374 666 1407 693 45

51 727 250 766 strenuos
273 726 317 764 et
337 719 470 764 fortis
489 718 714 775 causisque
736 716 973 773 Philippus
995 712 1177 771 agendis

53 781 208 834 clarus,
238 781 293 824 ab
318 780 494 824 officiis
519 784 715 822 octavam
741 775 915 820 circiter
940 774 1092 818 horam

52 842 159 886 dum
183 840 299 884 redit
320 845 452 898 atque
473 839 572 883 foro
593 837 784 882 nimium
805 835 969 879 distare
991 833 1176 877 Carinas

53 902 143 945 iam
173 900 355 958 grandis
382 905 490 944 natu
516 897 730 956 queritur,
760 895 1000 952 conspexit,
1030 899 1080 937 ut
1107 892 1248 944 aiunt,

53 961 258 1006 adrasum
285 959 504 1017 quendam
528 973 664 1002 vacua
690 955 878 1000 tonsoris
905 955 953 998 in
979 953 1136 998 umbra
1376 967 1411 992 50

53 1020 232 1064 cultello
261 1018 462 1076 proprios
489 1022 752 1076 purgantem
778 1015 938 1059 leniter
967 1013 1141 1070 unguis.

54 1078 301 1131 ‘Demetri,’
335 1077 464 1136 (puer
490 1077 560 1121 hic
587 1091 675 1120 non
702 1075 820 1119 laeve
847 1075 966 1118 iussa
994 1071 1198 1129 Philippi

54 1138 319 1197 accipiebat)
355 1137 456 1190 ³abi,
488 1151 647 1195 quaere
678 1142 722 1179 et
754 1135 884 1187 refer,
918 1133 1033 1177 unde
1065 1132 1209 1183 domo,
1242 1131 1355 1188 quis,

54 1199 179 1244 cuius
206 1199 427 1250 fortunae,
453 1211 539 1255 quo
562 1196 623 1240 sit
646 1201 771 1253 patre
795 1208 934 1252 quove
958 1191 1173 1251 patrono?

55 1260 106 1312 it,
137 1259 254 1303 redit
279 1264 324 1302 et
349 1262 511 1310 narrat,
538 1255 762 1300 Volteium
789 1254 965 1298 nomine
992 1253 1187 1304 Menam,
1376 1266 1412 1292 55

55 1333 326 1377 praeconem,
355 1317 479 1361 tenui
505 1331 647 1368 censu,
675 1316 768 1359 sine
793 1314 991 1366 crimine,
1019 1318 1173 1356 notum

56 1385 100 1423 et
122 1393 355 1436 properare
375 1377 469 1421 loco
489 1382 534 1421 et
554 1391 716 1420 cessare
738 1380 781 1418 et
802 1389 1007 1432 quaerere
1030 1378 1073 1416 et
1095 1372 1177 1424 uti,

55 1438 321 1497 gaudentem
348 1436 580 1495 parvisque
604 1435 827 1480 sodalibus
852 1440 896 1478 et
920 1433 1011 1477 lare
1036 1438 1152 1476 certo

56 1504 101 1544 et
127 1498 245 1543 ludis
271 1503 316 1542 et
339 1502 438 1555 post
462 1495 606 1541 decisa
630 1495 809 1553 negotia
835 1494 1016 1551 Campo.

56 1558 222 1604 'scitari
249 1557 360 1602 libet
383 1573 436 1602 ex
460 1557 557 1637 ipso
582 1556 886 1614 quodcumque
911 1555 1073 1598 refers:
1106 1552 1191 1605 dic,
1379 1567 1414 1593 60

57 1619 113 1664 ad
138 1634 289 1663 cenam
311 1617 472 1662 veniat.
520 1631 609 1660 non
630 1631 734 1660 sane
757 1615 928 1659 credere
951 1614 1101 1666 Mena,

59 1679 213 1724 mirari
238 1693 385 1722 secum
409 1677 582 1722 tacitus.
617 1676 725 1734 quid
752 1675 892 1719 multa
907 1676 927 1716 Ρ
960 1673 1178 1732 ‘benigne'

59 1738 302 1797 respondet.
346 1737 489 1795 ‘neget
518 1737 594 1781 ille
625 1736 737 1780 mihi
753 1735 787 1777 ?’
827 1735 973 1792 ‘negat
1003 1734 1215 1792 inprobus
1246 1739 1289 1777 ct
1320 1739 1362 1776 te

59 1798 257 1857 neglegit
282 1803 362 1842 aut
385 1796 560 1842 horret.'
593 1796 816 1840 Volteium
843 1811 968 1839 mane
995 1794 1232 1851 Philippus

151 1889 385 1939 ΘεαΛἘ
477 1889 660 1938 ΘεΒΦ

153 1974 206 2011 40
225 1974 336 2011 Haud
356 1974 446 2021 (Aut
459 1974 563 2021 Rzn)
575 1973 696 2022 (DQ,
716 1973 768 2009 At
787 1973 871 2009 Fu
878 1974 901 2008 δ
968 1971 1150 2018 patientis
1168 1971 1218 2019 Q
1235 1971 1296 2019 Θ,
1317 1970 1436 2017 sapi--

58 2023 156 2061 ontis
177 2024 244 2063 Ες
317 2022 432 2058 ulixei
451 2021 519 2068 (-xi
539 2023 628 2069 aE)
647 2021 768 2070 QQ,
794 2020 907 2056 ulixis
928 2032 949 2060 ς
1032 2018 1081 2055 41
1109 2019 1265 2065 it(h)ace
1289 2019 1419 2066 (9132,

58 2072 238 2119 it(h)acae
263 2072 329 2107 αΦ
425 2068 477 2106 46
501 2082 632 2107 novam
659 2070 854 2116 epistulam
877 2069 1125 2105 exordiuntur
1150 2068 1233 2104 Fu
1257 2079 1303 2104 ex
1326 2068 1421 2104 male

57 2121 236 2158 intellecto
260 2123 302 2156 ut
325 2118 470 2156 videtur
493 2119 747 2165 Por-phyriona
773 2119 823 2164 (p.
846 2119 932 2162 326,
950 2119 1030 2162 23),
1055 2117 1277 2152 continuant
1301 2116 1421 2163 ῷδπ

57 2169 166 2206 schol.
190 2168 264 2204 PV
283 2167 344 2212 (dc
369 2166 407 2203 R
436 2171 530 2203 tacet
554 2166 695 2212 Keller)
794 2165 843 2201 51
871 2164 1042 2211 proprios
1066 2165 1115 2248 Q
1132 2163 1193 2212 Q,
1220 2163 1372 2210 proprio
1399 2177 1418 2203 ς

107 2217 331 2263 purgantem
355 2215 405 2262 Q)
421 2214 489 2263 Q,
523 2215 755 2250 resecantem
791 2214 829 2249 E
849 2213 955 2249 Goth.
1054 2212 1078 2248 5
1131 2211 1268 2258 l(a)eue
1293 2212 1342 2259 (D
1363 2215 1420 2256 ᾧ,

60 2264 138 2301 leui
164 2265 196 2300 Φ
317 2263 368 2299 55
392 2263 428 2299 It
456 2261 557 2299 redit
579 2263 695 2310 QJld,
731 2262 779 2297 Et
809 2261 909 2297 redit
931 2261 984 2309 Q
1104 2259 1152 2297 57
1181 2260 1263 2296 loco
1364 2263 1421 2304 (Β,

60 2313 182 2350 locum
212 2314 243 2348 Φ
345 2311 397 2348 58
422 2312 524 2347 certo
548 2311 597 2358 Q)
619 2309 687 2359 Q,
713 2312 819 2346 curto
845 2322 867 2350 ς
970 2308 1023 2345 63
1049 2308 1265 2354 Respondet
1372 2320 1423 2352 11,

61 2360 269 2407 Respondit
294 2362 318 2396 δ
340 2359 444 2397 Goth.
543 2363 657 2405 neget
689 2358 753 2393 ille
786 2357 903 2406 EQ,
939 2359 1055 2404 negat
1085 2356 1150 2392 ille
1177 2355 1263 2392 aA²
1279 2357 1383 2392 Goth.
1402 2369 1421 2395 ς
