1586 2514
163 83 218 125 86
694 82 838 119 CARM.
863 83 916 120 111
934 88 967 119 6.

163 196 197 223 25
322 197 421 226 mox
446 182 639 225 iuniores
664 182 834 237 quaerit
857 182 1074 226 adulteros

321 241 436 284 inter
463 240 614 284 mariti
641 241 743 285 vina
768 256 907 297 neque
934 240 1061 297 eligit

374 300 444 343 cui
468 300 599 343 donet
622 300 879 358 inpermissa
901 299 1063 356 raptim

428 359 592 416 gaudia
615 358 857 403 luminibus
883 358 1073 410 remotis,

319 466 395 510 sed
420 466 537 510 iussa
562 481 705 510 coram
731 482 818 510 non
842 466 935 510 sine
960 467 1127 510 conscio

164 540 199 567 30
322 525 466 582 surgit
490 526 661 576 marito,
687 541 762 570 seu
783 530 907 569 vocat
928 525 1106 569 institor

373 599 448 628 seu
472 586 593 629 navis
617 585 842 641 Hispanae
864 585 1085 642 magister,

426 644 684 687 dedecorum
709 643 922 700 pretiosus
946 650 1126 701 emptor.

323 766 410 794 non
438 751 506 794 his
534 751 736 794 iuventus
764 756 859 794 orta
886 751 1138 808 parentibus

323 810 482 853 infecit
503 824 663 866 aequor
684 810 896 866 sanguine
918 810 1087 854 Punico
1154 836 1158 840 ·

163 884 197 912 35
376 868 684 925 Pyrrhumque
712 874 755 911 et
782 869 1005 926 ingentem
1032 869 1191 913 cecidit

430 927 702 987 Antiochum
732 928 1111 985 Hannibalemque
1138 928 1298 981 dirum,

321 1035 395 1078 sed
426 1035 688 1078 rustic-orum
718 1035 907 1079 mascula
936 1033 1131 1078 militum

323 1094 477 1150 proles,
506 1094 694 1138 Sabellis
720 1094 846 1138 docta
869 1093 1095 1151 ligonibus

375 1168 542 1196 versare
567 1153 743 1210 glaebas
767 1158 810 1196 et
833 1168 1000 1197 severae

165 1228 200 1254 40
431 1212 583 1255 matris
607 1212 663 1255 ad
687 1212 922 1256 arbitrium
945 1212 1101 1256 reoisos

323 1324 495 1375 portare
517 1319 665 1371 fustis,
689 1319 754 1362 sol
775 1319 851 1363 ubi
874 1320 1090 1362 montium

324 1383 515 1421 mutaret
537 1378 710 1422 umbras
733 1384 777 1422 et
796 1378 904 1435 iuga
923 1378 1112 1422 demeret

379 1436 519 1480 bubus
546 1437 750 1494 fatigatis
774 1437 964 1481 amioum

431 1501 601 1552 tempus
625 1511 757 1553 agens
782 1496 966 1540 abeunte
989 1512 1131 1540 curru.

168 1619 200 1643 45
325 1602 532 1646 damnosa
554 1603 662 1659 quid
687 1618 773 1646 non
796 1602 1010 1646 inminuit
1032 1602 1159 1646 dies?

325 1667 441 1705 aetas
467 1668 711 1718 parentum,
740 1661 863 1719 peior
886 1662 991 1714 avis,
1019 1661 1123 1705 tulit

379 1735 454 1763 nos
484 1721 723 1777 nequiores,
753 1736 854 1764 mox
883 1720 1060 1764 daturos

432 1781 684 1836 progeniem
709 1780 990 1824 vitiosiorem.

254 1943 430 1989 ΘΑΕ
522 1942 702 1989 &aas

256 2049 303 2085 27
344 2048 567 2095 inpermissa
597 2049 648 2097 Θ
684 2050 784 2095 Porp
784 2051 817 2086 h.
858 2051 898 2093 (i.
933 2050 1040 2086 schol.
1071 2051 1183 2095 ΔΓ),

237 2096 422 2142 pretiosus
390 2096 556 2180 Βθρἒᾷι)
574 2097 675 2142 Porp
674 2097 722 2141 h„
746 2097 967 2143 imperiosus
992 2097 1155 2144 Leopold

1221 2049 1433 2085 intermissa
1462 2050 1511 2097 Θ

502 2143 742 2190 annibalemq
743 2155 790 2180 ue
815 2145 937 2180 dirum
963 2145 1006 2181 ob
1031 2146 1146 2192 imaqz
1147 2156 1224 2180 nem
1250 2094 1364 2188 ξγὸἲὶῗῒ
1383 2097 1510 2191 &mat

162 2193 244 2229 inst.
257 2145 314 2235 dg,
332 2193 375 2236 2,
394 2195 417 2227 9
560 2189 681 2227 dirum
718 2192 767 2239 ᾧ
789 2191 840 2240 ῥῷ
874 2193 982 2228 schol.
1019 2193 1099 2228 AF

1107 2157 1447 2238 mQuint„du1-um
1473 2192 1513 2228 F

163 2237 210 2274 41
239 2238 294 2274 sol
321 2259 363 2265 -
389 2237 440 2274 46
473 2238 634 2274 abeunte
665 2242 776 2275 nocte
801 2240 885 2284 (sic)
912 2240 956 2275 ob
980 2238 1099 2275 bobus
1124 2239 1246 2283 adfert
1271 2239 1387 2276 Prisc.
1412 2243 1446 2283 7,
1460 2242 1512 2275 82

158 2298 196 2331 p.
217 2288 300 2329 357,
315 2289 360 2322 17
457 2284 506 2321 43
530 2285 651 2321 bubus
678 2287 804 2330 ARn,
828 2286 948 2323 bobus
973 2287 1258 2323 EFazlfflsc.
1351 2285 1398 2323 47
1425 2297 1510 2322 mox

164 2354 205 2359 —
233 2333 459 2369 vitiosiorem
484 2335 527 2369 ob
552 2344 637 2369 mox
664 2334 758 2370 Serv.
784 2345 901 2380 yeorq.
930 2337 962 2377 1,
975 2337 1023 2370 24
