1586 2514
567 102 713 139 CARM.
740 103 774 139 11
795 108 849 138 15.
873 107 927 138 16.
1369 102 1426 147 65

227 205 320 244 tum
347 201 487 258 spissa
517 202 651 245 ramis
677 201 826 245 laurea
853 202 1048 245 fervidos

225 260 427 304 excludet
451 260 578 305 ictus.
614 276 702 305 non
726 261 791 304 ita
816 260 999 304 Romuli
1022 290 1026 293 -
1392 278 1425 304 m

278 320 595 378 praescriptum
618 326 663 364 et
684 320 851 364 intonsi
875 320 1058 365 Catonis

330 380 540 437 auspiciis
567 386 848 436 veterumque
877 395 1042 424 norma.

223 493 421 550 privatus
441 493 533 537 illis
551 508 702 537 census
721 498 815 536 erat
834 492 990 546 brevis,

223 567 451 597 commune
481 567 715 610 magnum:
752 552 876 596 nulla
905 553 1179 611 decempedis

182 628 196 644 ’
276 619 440 657 metata
467 612 651 671 privatis
679 627 858 670 opacam
1391 630 1423 657 ιε

330 673 523 730 porticus
556 672 802 729 excipiebat
834 679 984 716 areton
1046 682 1048 685 ’

221 801 298 830 nec
326 787 564 830 fortuitum
589 801 788 841 spernere
815 787 1049 842 caespitem

222 844 338 902 leges
364 845 578 897 sinebant,
606 845 770 901 oppida
795 845 972 902 publico

274 911 454 962 sumptu
477 904 676 948 iubentes
700 911 743 947 et
766 905 945 949 deorum

327 963 490 1027 templa
515 979 625 1008 novo
650 964 851 1007 decorare
875 981 992 1008 saxo.
1387 982 1423 1009 20

673 1141 801 1185 XVI.

221 1225 377 1269 Otium
406 1225 528 1268 divos
557 1232 684 1281 rogat
712 1226 760 1268 in
789 1227 959 1282 patenti

220 1300 401 1342 prensus
424 1284 616 1342 Aegaeo,
641 1285 775 1328 simul
799 1291 894 1328 atra
918 1287 1053 1331 nubes

218 1345 419 1389 condidit
443 1344 593 1388 lunam
617 1360 756 1401 neque
781 1351 898 1388 certa
924 1346 1103 1404 fulgent

268 1405 414 1448 sidera
439 1404 599 1455 nautis,

219 1512 361 1555 otium
393 1510 505 1554 bello
534 1511 704 1555 furiosa
737 1512 916 1564 Thrace,
1400 1531 1417 1557 5

216 1572 360 1615 otium
380 1570 505 1614 Medi
527 1570 732 1627 pharetra
751 1571 910 1625 decori,

218 1630 432 1687 Grosphe‚
465 1644 550 1673 non
580 1630 768 1687 gemmis
797 1647 937 1688 neque
967 1649 1163 1690 purpura
1194 1650 1262 1678 ve-

272 1689 371 1734 nale
398 1704 474 1733 neo
501 1704 620 1733 auro.

217 1812 305 1841 non
329 1797 446 1840 enim
469 1811 603 1854 gazae
625 1812 763 1854 neque
787 1799 1027 1843 consularis

215 1857 443 1901 submovet
471 1855 600 1899 lictor
628 1857 809 1901 miseros
837 1859 1054 1904 tumultus
1382 1875 1415 1901 ιο

217 1915 376 1960 mentis
396 1921 441 1959 et
458 1930 582 1959 curas
601 1915 802 1973 laqueata
822 1918 986 1963 circum

270 1982 383 2020 tecta
403 1975 604 2019 volantis.

146 2103 426 2151 ΘιΑΒΒΕ
518 2103 698 2152 ῶιιιφ

150 2222 199 2258 12
226 2223 480 2280 [QQADE]
582 2223 630 2260 14
655 2225 761 2262 nulla
787 2248 831 2253 —
853 2227 902 2262 16
929 2227 1058 2262 arcton
1084 2227 1128 2262 ob
1153 2226 1246 2262 haec
1267 2226 1414 2262 decem-

9 2287 11 2289 ·
53 2269 151 2318 peda
163 2271 280 2310 Ruso.
296 2275 330 2315 6,
342 2275 392 2307 27
408 2283 445 2317 p.
458 2274 542 2315 218,
558 2276 605 2309 10
611 2286 625 2317 ;
649 2275 692 2310 ob
711 2277 854 2311 metata
867 2286 967 2321 pass.
990 2275 1106 2310 Prisc.
1122 2277 1158 2318 8,
1168 2276 1220 2310 20
1235 2286 1273 2320 p.
1290 2277 1377 2319 387,
1389 2277 1414 2311 8

54 2316 100 2353 17
127 2329 196 2354 nec
222 2339 266 2346 —
291 2319 468 2355 sinebant
491 2320 535 2356 ob
560 2319 759 2358 fortuitum
786 2323 883 2360 Serv.
910 2323 1002 2358 Aen.
1030 2325 1065 2366 6,
1080 2325 1152 2357 179

147 2365 213 2413 lc,
234 2366 254 2402 1
282 2367 367 2414 [ῶς
386 2368 586 2412 ΔΒΒΕ,
610 2368 876 2417 ΘιΒΕλπ]

124 2431 301 2465 Ronanus,
320 2433 367 2460 od.
387 2433 565 2460 Vollmer.
605 2434 660 2461 Ed.
680 2435 722 2461 11.
742 2437 847 2462 maior.
863 2435 964 2468 [1⁴30]
1174 2434 1194 2464 ὁ
