1586 2514
198 79 287 122 320
637 79 702 115 m:
727 79 855 115 ARTE
880 78 1094 117 POETIOA.

268 176 400 220 Grais
426 177 668 234 ingenium,
697 177 830 222 Grais
855 177 981 221 dedit
1009 193 1080 222 ore
1107 178 1294 223 rotundo

269 236 401 279 Musa
423 236 558 293 loqui,
584 243 755 294 praeter
777 238 951 281 laudem
975 238 1140 282 nullius
1161 238 1314 283 avaris.

199 311 251 337 326
270 295 460 339 Romani
488 297 613 352 pueri
642 297 784 354 longis
813 297 1057 344 rationibus
1085 313 1221 342 assem
1380 351 1387 353 p

269 354 444 398 discunt
474 356 522 399 in
554 357 693 412 partis
726 363 899 400 centum
931 357 1145 401 diducere.
1188 357 1320 402 'dicat

270 414 399 458 filius
424 414 608 458 Albini:
641 415 679 458 si
707 416 760 458 de
786 415 1027 472 quincunce
1053 422 1218 460 remota
1243 423 1308 460 est

271 473 413 525 uncia,
440 474 547 529 quid
571 475 784 531 superat?
827 481 999 531 poteras
1024 474 1213 519 dixisse’.
1251 475 1427 520 ‘triana'
1454 476 1539 521 ‘cul

269 547 360 575 rem
380 533 544 590 poteris
566 549 731 577 servare
751 540 889 577 tuam.
923 534 1038 577 redit
1060 535 1201 587 uncia,
1224 535 1331 592 quid
1354 535 1415 579 fit
1430 535 1463 577 ἴθ’

199 606 253 633 330
272 590 443 641 ‘semia’
473 607 543 644 an,
567 592 669 636 haec
692 593 859 636 animos
881 608 1042 650 aerugo
1065 599 1108 636 et
1129 608 1230 637 cura
1252 594 1393 650 peculi

269 666 368 694 cum
390 651 524 694 semel
549 651 772 704 imbuerit,
797 668 1019 709 speremus
1046 653 1239 696 carmina
1263 653 1383 710 fingi

270 725 392 767 posse
423 710 602 755 linenda
633 711 759 755 cedro
788 717 835 760 et
867 712 952 755 levi
984 711 1192 756 servanda
1223 715 1455 770 cupresso?

269 775 347 813 aut
368 770 567 827 prodesse
588 771 743 814 volunt
762 777 841 814 aut
863 771 1074 818 delectare
1096 777 1247 828 poetae

270 835 347 872 aut
369 829 505 873 simul
530 836 574 874 et
600 830 790 874 iucunda
817 836 859 874 et
885 830 1041 874 idonea
1066 831 1207 874 dicere
1231 830 1360 875 vitae.

200 904 252 931 335
269 889 487 946 quidquid
512 890 763 947 praecipies,
791 895 880 933 esto
906 890 1059 942 brevis,
1087 896 1137 934 ut
1161 889 1248 934 cito
1272 890 1388 934 dicta

272 949 518 1006 percipiant
544 950 683 993 animi
712 949 872 993 dociles
902 955 1162 1006 teneantque
1193 949 1372 1003 fideles;

271 1023 396 1051 omne
425 1024 735 1065 supervacuom
767 1009 894 1066 pleno
911 1009 979 1052 'de
1011 1015 1181 1066 pectore
1212 1016 1372 1053 manat.

270 1067 382 1111 ficta
409 1067 650 1124 voluptatis
679 1083 805 1112 causa
833 1069 924 1116 sint
954 1069 1154 1125 proxima
1183 1068 1319 1112 veris:

271 1142 324 1170 ne
348 1127 650 1184 quodcumque
674 1127 781 1171 velit
804 1133 955 1184 poscat
980 1127 1067 1171 sibi
1092 1127 1246 1172 fabula
1268 1127 1384 1171 credi

202 1201 255 1228 340
273 1202 358 1229 neu
388 1202 569 1243 pransae
599 1187 781 1230 Lamiae
811 1187 954 1230 vivom
988 1202 1171 1244 puerum
1201 1187 1401 1231 extrahat
1431 1187 1539 1231 alvo.

270 1246 492 1290 centuriae
510 1246 730 1290 seniorum
751 1247 921 1303 agitant
945 1247 1140 1303 expertia
1162 1246 1321 1303 frugis,

271 1305 373 1348 celsi
393 1311 670 1362 praetereunt
690 1312 861 1349 austera
882 1313 1081 1362 poemata
1104 1306 1317 1350 Ramnes:

271 1380 397 1408 omne
422 1365 530 1408 tulit
554 1371 778 1422 punctum,
807 1365 883 1422 qui
911 1365 1086 1408 miscuit
1112 1365 1221 1408 utile
1245 1365 1364 1409 dulci

271 1425 475 1467 lectorem
502 1424 756 1468 delectando
787 1424 1035 1481 pariterque
1067 1424 1291 1468 monendo.

201 1499 253 1525 345
272 1483 343 1526 hic
372 1490 508 1527 meret
535 1499 634 1527 aera
663 1483 774 1526 liber
804 1483 954 1535 Sosiis,
986 1483 1057 1527 hic
1086 1489 1129 1527 et
1157 1499 1275 1527 mare
1303 1483 1461 1527 transit

271 1549 314 1586 et
334 1543 515 1599 longum
535 1549 638 1586 noto
655 1543 862 1599 scriptori
884 1548 1089 1599 prorogat
1109 1558 1270 1586 aevom.

269 1608 373 1646 sunt
396 1602 558 1645 delicta
584 1608 743 1654 tamen,
771 1602 930 1658 quibus
956 1602 1172 1659 ignovisse
1197 1601 1403 1646 velimus:

267 1677 365 1703 nam
371 1675 506 1716 neque
517 1661 672 1704 chorda
680 1675 829 1703 sonum
837 1661 972 1702 reddit
980 1676 1104 1716 quem
1111 1662 1201 1703 volt
1207 1675 1356 1704 manus
1367 1664 1408 1703 et
1414 1676 1543 1715 mens,

271 1721 551 1777 poscentique
574 1736 748 1777 gravem
774 1736 974 1777 persaepe
1001 1721 1188 1764 remittit
1213 1726 1386 1764 acutum

288 1849 549 1896 QzaBGK
643 1849 823 1896 ρᾒΒΦ

289 1955 363 1992 827
401 1955 519 1991 albini
554 1955 646 2001 (bini
672 1955 755 2000 Ra)
793 1959 854 1999 ᾧ,
891 1954 1018 1991 albani
1041 1955 1090 2002 Q
1122 1956 1219 2000 quod
1251 1966 1360 2000 aeque
1387 1956 1543 2009 probum

195 2004 338 2040 videtur
433 2002 509 2039 828
535 2005 684 2049 poteras
708 2002 757 2049 Q
778 2006 839 2046 ῶ,
865 2004 1016 2049 poterat
1038 2015 1108 2047 απ,
1132 2013 1199 2039 om.
1221 2003 1277 2038 K¹
1356 2004 1472 2038 triens
1497 2013 1543 2039 eu

197 2051 283 2096 (heu
309 2050 409 2094 aK‘,
435 2051 479 2087 K
481 2051 492 2071 ¹
511 2062 547 2086 n.
569 2052 581 2086 l
592 2052 605 2096 )
629 2051 678 2097 Q
696 2050 835 2086 Bland.
854 2051 989 2096 Pofflh.
1009 2052 1034 2086 i.
1053 2050 1161 2087 schol.
1180 2050 1261 2094 PV,
1285 2050 1443 2086 trionem
1462 2050 1543 2094 Ru,

195 2098 312 2135 triens
343 2100 401 2133 est
425 2099 539 2134 Fue
706 2096 783 2133 830
807 2108 855 2133 an
882 2099 918 2134 B
943 2098 1100 2142 Bland„
1136 2097 1185 2133 ad
1210 2097 1421 2141 amnem
1457 2099 1498 2134 at
1521 2109 1542 2138 ς

196 2145 270 2181 381
298 2157 485 2192 speremus
509 2145 570 2193 Q,
596 2155 786 2192 speramus
810 2146 858 2192 Q
928 2143 1006 2181 384
1030 2146 1074 2182 ob
1097 2146 1310 2182 sententiam
1335 2145 1431 2182 Serv.
1451 2145 1541 2182 Aen.

197 2197 232 2238 6,
252 2196 326 2229 660
398 2194 473 2229 Aut
496 2193 545 2241 Q
560 2193 627 2242 Θ,
653 2193 702 2228 Et
726 2193 856 2238 (Serv.)
930 2192 1006 2229 389
1031 2194 1074 2230 ob
1097 2194 1311 2230 sententiam
1335 2193 1431 2229 Serv.
1451 2194 1542 2229 Aen.

197 2244 255 2286 12,
275 2244 324 2278 83
443 2240 500 2276 Ne
525 2241 671 2289 aKQD,
697 2240 774 2276 Nec
800 2242 874 2278 Bo
898 2241 1027 2286 (Serv.)
1125 2240 1218 2277 uelit
1241 2241 1291 2288 Q
1315 2241 1437 2286 (schol.
1457 2241 1540 2285 PV)

198 2289 347 2334 (Serv),
377 2288 482 2324 uolet
504 2289 555 2372 {D
641 2287 718 2325 340
742 2298 830 2324 om.
849 2288 916 2325 Κι
992 2286 1070 2324 842
1093 2289 1171 2325 sine
1195 2289 1358 2325 lemmate
1381 2288 1543 2334 exempla

205 2337 318 2373 Vatic.
337 2339 412 2373 270
532 2335 583 2373 45
608 2348 694 2372 aera
718 2336 767 2383 Q
783 2335 833 2383 Θ
857 2336 1005 2381 Ρονρὴ.,
1030 2337 1142 2383 (a)ere
1169 2335 1314 2372 GFuc
