1586 2514
597 75 745 113 CARM.
771 75 789 110 I
813 79 846 112 6.
869 79 901 111 7.
1381 73 1434 116 17

231 191 311 221 noe
327 175 540 228 convivia,
558 190 637 220 noe
652 175 821 233 proelia
836 174 1064 231 virginum

230 235 362 280 sectis
384 235 434 280 in
456 235 634 280 iuvenes
657 234 881 292 unguibus
904 233 1074 278 acrium

233 301 473 348 cantamus,
491 294 620 340 vacui
638 294 729 339 eive
746 293 856 351 quid
874 294 1059 346 urimur,

286 371 375 400 non
390 361 563 413 praeter
577 354 761 399 solitum
777 354 904 398 leves.
1396 366 1434 395 20

695 498 803 542 VII.

71 571 341 616 Laudabunt
363 570 444 615 alii
469 569 632 614 claram
656 569 846 613 Rhodon
871 574 950 612 aut
974 568 1227 625 Mytilenen

123 636 203 676 aut
227 630 432 688 Epheson
454 629 689 674 bimarisve
712 628 918 672 Corinthi

71 690 244 736 moenia
269 689 340 735 vel
367 689 539 734 Baccho
567 689 738 734 Thebae
766 688 835 733 vel
862 687 1076 745 Apolline
1103 684 1299 745 Delphos

123 750 315 809 insignis
335 756 415 795 aut
436 750 644 794 Thessala
665 749 853 806 Tempe;

68 840 175 880 sunt
198 834 361 893 quibus
388 850 525 879 unum
549 849 661 891 opus
689 839 755 877 eet
780 833 972 877 intactae
999 831 1198 876 Palladis
1225 831 1377 875 urbem
1413 846 1432 874 ο

123 895 316 939 carmine
331 899 544 953 perpetuo
561 893 776 938 celebrare
792 898 837 936 et

70 954 266 1013 undique
284 954 534 1012 decerptam
554 954 698 998 fronti
718 968 982 1011 praeponere
1004 952 1189 1005 olivam;

122 1015 342 1073 plurimus
362 1015 412 1059 in
434 1013 619 1058 Iunonis
640 1013 847 1057 honorem

68 1104 224 1157 aptum
247 1098 366 1143 dicet
388 1098 512 1156 equis
536 1097 684 1155 Argos
710 1097 903 1154 ditisque
928 1097 1165 1153 Mycenas:

122 1173 192 1203 me
215 1173 293 1204 nec
317 1164 409 1203 tam
431 1157 605 1215 patiens
630 1157 931 1201 Lacedaemon
1397 1170 1432 1198 10

69 1233 147 1264 nec
169 1223 262 1263 tam
284 1217 466 1263 Larisae
487 1217 703 1275 percussit
724 1232 904 1274 campus
925 1217 1100 1274 opimae

121 1294 255 1336 quam
278 1278 435 1323 domus
460 1277 691 1322 Albuneae
716 1276 960 1321 resonantis

69 1369 114 1407 et
134 1378 339 1421 praeceps
362 1361 486 1406 Anio
508 1377 558 1406 ac
584 1361 774 1406 Tiburni
798 1361 921 1405 lucus
942 1367 988 1404 et
1010 1360 1096 1405 uda

123 1421 362 1467 mobilibus
384 1421 584 1480 pomaria
607 1421 727 1466 rivis.

68 1483 194 1528 albus
214 1488 265 1527 ut
283 1481 466 1527 obscuro
486 1481 683 1540 deterget
704 1481 859 1526 nubila
879 1481 997 1525 caelo
1398 1496 1431 1523 15

119 1557 247 1600 saepe
271 1543 417 1587 Notus
438 1557 578 1600 neque
598 1541 793 1600 parturit
816 1541 973 1586 imbris

162 1648 394 1697 &ABE
485 1647 668 1696 <13:34⁵

167 1732 216 1769 17
241 1743 310 1768 noe
330 1753 375 1758 —
394 1731 541 1790 proelia
575 1731 719 1768 acrium
749 1731 793 1768 ob
827 1731 1027 1778 imayimm
1050 1731 1156 1767 schol.
1191 1731 1276 1767 Iuv.
1302 1734 1338 1775 6,
1357 1734 1432 1767 366

70 1781 121 1818 1⁹
145 1781 193 1826 cf.
219 1779 371 1825 Vahlen,
394 1780 473 1816 md.
499 1780 575 1817 lect.
602 1780 724 1816 Berol.
746 1782 854 1823 1886,
873 1781 897 1815 4
916 1796 961 1809 =
982 1789 1102 1825 opusc.
1124 1779 1152 1814 I
1166 1781 1240 1815 327

167 1828 206 1878 7,
225 1827 250 1864 2
274 1827 480 1864 bimarisve
499 1848 544 1856 —·
562 1827 713 1864 moenia
731 1828 776 1864 ob
794 1839 870 1864 rem
889 1827 1024 1874 alleqat
1035 1827 1143 1863 selme.
1159 1827 1251 1863 Stat.
1270 1827 1381 1864 Theb.
1396 1831 1431 1871 1,

69 1879 154 1914 335.
175 1879 210 1922 7,
222 1878 317 1921 420;
333 1877 412 1914 mie
430 1876 508 1923 ipse
524 1876 688 1914 versibus
705 1876 863 1912 inseruit
875 1878 1017 1912 Arator-
1035 1880 1104 1912 act.
1123 1878 1160 1919 2,
1175 1878 1248 1911 507
1296 1875 1321 1910 6
1335 1875 1432 1912 cele·

68 1925 177 1961 brare
195 1926 236 1961 et
255 1926 262 1972 Ι
282 1923 459 1970 Undique
477 1924 589 1986 φῶ
604 1925 713 1961 schol.
732 1925 820 1969 ΔΓ,
839 1923 1032 1960 celebrare
1053 1925 1059 1969 Ι
1080 1923 1248 1969 Indeque
1266 1924 1433 1960 Bouhier

72 1972 93 2009 7
114 1972 314 2019 decerptae
326 1972 453 2008 frondi
466 1973 651 2009 Erasmus
698 1972 842 2008 oliuam
853 1971 975 2019 φῶ,
989 1971 1110 2007 oleam
1127 1974 1158 2007 Φ
1206 1970 1230 2007 8
1251 1970 1431 2007 honorem

132 2020 185 2069 (τῇ
212 2021 321 2058 schol.
352 2021 441 2066 ΑΓ,
470 2019 611 2056 honore
645 2020 868 2066 Oudendorp
965 2020 989 2055 9
1026 2020 1070 2056 ob
1102 2020 1223 2066 Argos
1259 2024 1431 2055 neutrum

159 2069 282 2106 ‚Am
303 2072 337 2114 1,
347 2071 408 2106 24.
436 2072 494 2113 11,
506 2071 593 2113 246,
629 2069 676 2113 ef.
709 2069 815 2105 schol.
847 2067 940 2105 Stat.
972 2068 1082 2104 Theb.
1108 2071 1150 2112 4,
1169 2069 1246 2104 672
1330 2068 1432 2104 dicet

73 2117 164 2161 ΦΒ,
187 2116 284 2152 dicit
307 2117 436 2154 AER
461 2118 629 2162 (variant
652 2116 772 2154 Servii
795 2116 898 2154 codd.
919 2116 1093 2152 ambobus
1118 2116 1221 2161 locis)
1311 2115 1362 2151 10
1387 2117 1431 2152 ob

68 2175 145 2202 rem
166 2165 275 2202 schol.
295 2165 388 2202 Stat.
413 2165 523 2202 Theb.
543 2168 581 2210 8,
599 2167 673 2202 432
769 2164 831 2201 Me
855 2175 926 2200 nec
949 2164 998 2211 (D
1021 2163 1088 2212 Θ,
1114 2163 1194 2199 Nec
1219 2173 1279 2199 me
1306 2164 1429 2208 (schol.

69 2212 181 2258 Stat.)
291 2212 342 2249 18
372 2214 417 2250 ob
447 2213 545 2249 Anio
570 2213 676 2249 habet
702 2213 820 2250 Prisc.
841 2216 883 2257 6,
904 2215 951 2249 16
969 2224 1009 2259 p.
1030 2215 1118 2255 208,
1139 2215 1162 2248 9
1266 2210 1316 2247 15
1345 2213 1431 2249 inde

69 2261 117 2297 ab
141 2261 208 2298 hoc
230 2273 336 2298 versu
357 2272 494 2298 novum
519 2273 667 2298 emen
691 2262 892 2298 ordinentur
916 2262 1011 2305 ΑΦ,
1042 2271 1117 2297 mm
1148 2261 1233 2296 item
1259 2259 1343 2296 ER
1366 2272 1432 2297 nec

69 2309 225 2346 metr-ici:
258 2310 370 2346 ‘hanc
399 2310 493 2346 oden
523 2310 676 2356 quidam
699 2314 841 2356 putant
865 2311 982 2346 aziam
1006 2320 1096 2353 esse,
1127 2309 1190 2345 sed
1215 2308 1337 2344 eadem
1362 2309 1427 2345 αι’

71 2357 134 2394 Pu.
152 2357 289 2404 Porph.
365 2357 516 2394 15—16
536 2359 736 2404 perpetuos
756 2358 799 2394 ob
818 2369 893 2394 rem
919 2358 1042 2401 adfert
1061 2356 1159 2394 Serv.
1177 2367 1294 2403 qeorq.
1310 2359 1344 2401 1,
1357 2360 1430 2394 460

141 2423 322 2458 Bou-rme,
340 2424 387 2452 ed.
406 2424 586 2452 Vollmer.
624 2424 681 2451 Ed..
699 2425 742 2452 11.
761 2425 868 2452 maior.
888 2424 989 2459 [1436]
1195 2420 1215 2452 2
