1586 2514
619 93 760 130 ΕΡΟΙ).
786 97 818 129 e.
840 96 872 129 7.
1343 87 1427 131 153

223 211 338 248 eave,
370 209 485 246 cave,
519 209 707 250 namque
738 193 787 236 in
819 191 956 235 malos
989 190 1254 247 asperrimus

275 259 431 313 parata
458 253 567 298 tollo
594 268 770 304 cornua,

220 314 365 373 qualis
392 313 642 370 Lycambae
670 318 842 370 spretus
870 311 1020 355 infido
1048 325 1180 367 gener

272 379 353 418 aut
378 388 476 418 acer
503 372 641 417 hostis
671 372 856 429 Bupalo.

219 449 280 479 an
302 433 342 477 si
368 433 470 490 quis
495 438 592 477 atro
618 433 747 476 dente
775 447 844 475 me
871 430 1092 488 petiverit,
1386 443 1422 470 ιο

274 492 445 537 inultus
468 498 520 537 ut
541 492 664 536 flebo
688 492 831 550 puer?

680 648 787 692 VII.

219 720 332 777 Qu0,
361 736 448 778 quo
474 720 645 765 scelesti
675 720 842 764 ruitis?
880 725 957 763 aut
986 734 1062 762 cur
1092 718 1283 762 dexteris

270 786 482 838 aptantur
502 796 622 825 enses
644 780 838 824 conditi.
829 780 847 811 Ῥ

218 856 430 897 parumne
457 841 623 898 campis
650 846 781 897 atque
812 840 1021 907 Neptuno
1049 854 1178 895 super

271 901 423 944 fusum
449 906 514 944 est
540 900 695 945 Latini
723 899 966 956 sanguinis,

218 975 304 1004 non
334 966 384 1004 ut
410 960 620 1018 superbas
648 959 825 1003 invidae
858 958 1153 1016 Karthaginis
1398 971 1417 998 5

269 1019 495 1065 Romanus
524 1035 642 1064 arces
674 1025 831 1071 ureret,

215 1080 408 1124 intactus
433 1086 511 1125 aut
537 1079 780 1123 Britannus
807 1086 855 1123 ut
881 1078 1158 1122 descenderet

264 1156 387 1184 saera
407 1146 633 1184 catenatus
654 1139 740 1192 via,

212 1199 287 1243 sed
317 1205 368 1244 tit
395 1199 633 1250 secundum
662 1205 764 1242 vota
795 1198 1061 1242 Parthorum
1091 1214 1168 1241 sua

265 1259 379 1303 Vrbs
407 1259 510 1304 haee
539 1259 702 1316 periret
730 1259 944 1302 dextera?
1377 1272 1415 1299 10

214 1335 353 1376 neque
380 1319 451 1363 hio
479 1319 597 1376 lupis
626 1334 718 1363 mos
746 1334 823 1362 nee
852 1318 945 1362 fuit
973 1318 1172 1362 leonibus

268 1395 476 1436 umquam
505 1379 592 1423 nisi
622 1379 671 1423 in
699 1378 850 1436 dispar
879 1378 1002 1422 feris.

213 1439 397 1483 furorne
426 1453 571 1483 caecos
602 1455 660 1482 an
690 1438 810 1495 rapit
840 1438 906 1481 vis
938 1438 1078 1482 aerior

265 1513 323 1543 an
350 1497 514 1556 eulpa?
552 1514 807 1556 responsum
836 1498 950 1542 date.

209 1564 356 1602 tacent
383 1563 428 1602 et
456 1558 582 1602 albus
608 1574 687 1602 ora
716 1558 860 1615 pallor
889 1558 1046 1602 inficit
1374 1571 1409 1600 ιε

262 1623 514 1675 mentesque
535 1619 757 1676 perculsae
781 1624 973 1675 stupent.

206 1677 272 1722 sie
297 1683 387 1721 est:
420 1677 576 1722 acerba
601 1678 700 1722 fata
727 1678 951 1722 Romanos
975 1684 1117 1735 agunt

260 1737 486 1794 scelusque
516 1738 740 1782 fraternae
772 1738 903 1790 neeis,

211 1802 262 1840 ut
281 1796 540 1840 inmerentis
562 1797 705 1841 fluxit
725 1798 774 1841 in
796 1803 957 1841 terram
981 1797 1112 1840 Remi

260 1871 382 1900 sacer
407 1856 642 1913 nepotibus
669 1872 808 1901 cruor.
1373 1871 1411 1899 20

137 2034 208 2082 Θ.
222 2033 358 2070 ABG
448 2033 523 2082 Θ.
537 2035 631 2071 ΒΦ

139 2129 191 2166 15
215 2129 397 2176 petiuerit
419 2129 470 2177 G)
486 2129 547 2178 ᾧ),
573 2130 805 2177 oppetiuerit
832 2131 863 2166 Φ

140 2177 180 2222 7,
201 2178 222 2214 l
255 2177 418 2214 dexteris
442 2177 494 2226 Θ
518 2180 711 2223 (mu-ici),
748 2179 889 2214 dextris
913 2178 1011 2225 (Dae‘²
1157 2177 1181 2213 2
1209 2178 1412 2224 raptantur

42 2225 206 2272 Leopold
304 2225 354 2262 12
379 2236 572 2271 umquam
579 2225 931 2274 Q),nu1'nquam
952 2239 974 2267 ς
994 2227 1151 2273 Bentley
1249 2225 1299 2261 18
1324 2236 1409 2262 cae-

41 2283 104 2309 cos
142 2274 272 2310 lemma
309 2274 348 2311 P
344 2274 490 2322 orphyr.
530 2275 572 2309 in
608 2285 648 2311 co
677 2303 684 2310 .
725 2276 806 2312 Vat.
845 2287 867 2315 ς
905 2275 1079 2321 Bentley,
1123 2284 1256 2310 caecus
1285 2274 1336 2321 Q)

42 2320 92 2358 1⁵
117 2320 227 2357 albus
252 2332 319 2358 ora
343 2321 468 2369 pallor
484 2322 543 2369 Θ,
569 2333 636 2358 ora
659 2322 783 2368 pallor
807 2323 916 2358 albus
933 2323 987 2408 ff
1083 2323 1130 2359 1¹2
1159 2321 1295 2358 acerba
1315 2324 1338 2357 f.
1394 2344 1407 2359 -.

39 2370 217 2415 premunt
241 2371 326 2415 (sic)
353 2381 403 2407 sc.
423 2382 460 2416 q.
479 2370 524 2406 fr.
544 2382 580 2406 n.
601 2371 644 2406 ob
668 2382 745 2407 rem
769 2371 891 2417 adfert
913 2382 933 2408 ε
976 2371 1022 2408 ol.
1043 2371 1135 2408 Stat.
1159 2370 1265 2407 Theb.
1286 2374 1320 2413 1,
1335 2373 1409 2407 185
