1586 2514
5 0 53 237 g
555 89 702 127 EPIST.
729 91 743 126 1
772 93 827 126 18.
850 94 903 127 ιθ,
1314 92 1402 135 285

4 242 231 300 {oderunt
258 256 457 308 porrecta
485 258 720 309 negantem
750 252 920 309 pocula,
953 253 1154 310 quamvis

4 304 28 346 1*ss
41 314 274 354 nocturnos
303 309 422 354 iures
453 316 496 355 te
527 311 769 356 formidare
799 317 981 370 tepores.

11 371 23 431 ζ
40 368 165 413 deme
192 370 430 427 supercilio
461 370 647 416 nubem:
685 371 942 429 plerumque
973 373 1193 417 modestus

2 434 26 483 {4
41 434 223 486 occupat
251 428 423 474 obscuri
453 431 654 488 speciem,
687 432 931 476 taciturnus
960 432 1117 476 acerbi.
1366 449 1401 476 95

39 487 158 532 inter
183 494 339 534 cuncta
367 489 484 547 leges
509 496 556 536 et
580 491 886 549 percontabere
915 492 1077 545 doctos,

39 548 128 605 qua
152 548 323 593 ratione
349 564 482 607 queas
508 550 733 595 traducere
759 551 917 595 leniter
943 567 1107 604 aevom,

11 616 16 646 ’-
39 622 147 652 num
172 613 215 652 te
239 623 410 667 sempor
434 609 564 668 inops
587 611 729 668 agitet
754 618 964 669 vexetque
992 612 1166 670 cupido,

42 682 150 712 num
170 683 306 725 pavor
327 674 372 713 et
393 684 538 714 rerum
561 670 840 715 mediocriter
862 671 1042 716 utilium
1065 688 1175 730 spes,

0 780 4 783 μ
38 726 250 772 virtutem
277 728 478 774 doctrina
505 736 631 788 paret
658 737 872 776 naturane
900 732 1046 785 donet,
1348 749 1401 776 100

38 786 147 845 quid
167 788 341 832 minuat
361 804 499 842 curas,
520 790 628 848 quid
650 796 694 835 te
713 790 799 835 tibi
821 791 976 836 reddat
996 793 1200 845 amicum,

41 846 150 904 quid
175 863 283 905 pure
308 849 581 907 tranquillet,
609 850 745 895 honos
771 867 820 895 ac
844 851 972 896 dulce
997 852 1203 896 lucellum

38 922 96 952 an
121 914 336 953 secretum
365 909 452 953 iter
480 915 524 955 et
551 910 752 955 fallentis
782 912 938 956 semita
967 913 1098 957 vitae.

39 982 108 1012 me
132 968 335 1025 quotiens
361 969 514 1014 reficit
538 971 711 1028 gelidus
739 971 954 1028 Digentia
980 973 1109 1025 rivos,

37 1042 168 1085 quem
194 1027 408 1073 Mandela
435 1029 564 1083 bibit,
593 1046 778 1088 rugosus
806 1033 975 1089 frigore
1003 1049 1156 1090 pagus,
1350 1051 1399 1076 105

37 1087 146 1144 quid
171 1088 335 1133 sentire
363 1095 506 1146 putas,
535 1090 643 1148 quid
672 1091 824 1145 credis,
854 1093 1006 1145 amice,
1037 1093 1239 1150 precari?

38 1146 111 1191 ‘sit
131 1147 257 1200 mihi,
280 1148 398 1205 quod
419 1164 534 1194 nunc
555 1156 632 1203 est,
656 1151 791 1195 etiam
813 1152 973 1205 minus,
997 1159 1047 1197 ut
1068 1153 1180 1196 mihi
1200 1154 1345 1197 vivam

37 1207 155 1264 quod
181 1213 380 1265 superest
406 1209 518 1262 aevi,
547 1210 696 1268 siquid
725 1227 944 1269 superesse
974 1213 1128 1257 volunt
1157 1213 1228 1266 di;

36 1266 98 1311 sit
126 1266 240 1312 bona
269 1267 484 1314 librorum
513 1275 558 1314 et
586 1271 784 1327 provisae
814 1272 962 1329 frugis
992 1272 1041 1317 in
1071 1289 1235 1317 annum

37 1326 164 1384 copia
188 1343 273 1372 neu
297 1327 480 1374 fluitem
503 1329 664 1374 dubiae
687 1346 763 1388 spe
788 1332 1004 1389 pendulus
1030 1333 1190 1377 horae?
1351 1351 1400 1378 110

37 1386 112 1431 sed
139 1387 247 1432 satis
275 1394 342 1432 est
371 1403 493 1434 orare
522 1389 671 1435 Iovem
699 1407 811 1448 quae
841 1393 969 1449 ponit
997 1399 1041 1437 et
1071 1395 1233 1446 aufert,

37 1447 112 1491 det
129 1447 282 1501 vitam,
303 1447 378 1492 det
398 1464 522 1506 opes;
549 1465 732 1508 aequom
753 1452 814 1495 mi
836 1453 1033 1498 animum
1056 1454 1148 1511 ipse
1168 1454 1343 1511 pau-abc.

609 1618 821 1663 XVIIII.

39 1699 191 1744 Prisco
215 1700 254 1744 si
281 1700 434 1753 credis,
461 1701 693 1747 Maecenas
718 1703 856 1756 docte,
886 1705 1083 1758 Cratino,

35 1759 159 1804 nulla
188 1759 358 1817 placere
389 1761 469 1805 diu
499 1777 577 1806 nec
607 1763 750 1807 vivere
780 1765 976 1809 carmina
1008 1772 1204 1823 possunt,

131 1853 366 1903 (omrem
457 1855 640 1904 <19:34⁵

129 1943 215 1986 post
236 1938 291 1976 90
314 1940 357 1975 in
388 1952 410 1980 ς
443 1941 669 1988 (adscriptus
699 1945 808 1979 etiam
841 1956 865 1979 a
896 1956 995 1980 man.
1015 1956 1103 1981 rece.
1122 1946 1164 1980 in
1189 1947 1256 1990 τρὶ)
1290 1947 1400 1983 inter-

32 1987 183 2034 polante
213 1992 267 2024 m
294 1998 341 2024 a
369 1988 471 2034 epist.
493 1993 527 2034 1,
547 1992 604 2034 14,
623 1993 672 2027 34
702 1991 780 2027 iam
814 1992 1022 2029 adulterato
1057 1995 1181 2038 (nocte
1206 2005 1278 2039 pro
1303 1993 1401 2039 luce)

35 2035 95 2072 hie
116 2046 242 2073 venue
258 2034 414 2072 Potom-
438 2036 560 2074 bibuli
584 2038 713 2074 media
737 2038 784 2075 de
810 2041 920 2076 noete
939 2040 1104 2083 Falerni,
1129 2053 1232 2087 quem
1256 2042 1401 2087 frustra

35 2083 225 2121 emendare
253 2085 379 2121 eonati
407 2089 496 2121 sunt
525 2086 625 2123 docti
653 2088 704 2133 (p.
730 2086 867 2133 liquidi
899 2100 947 2124 m.
975 2089 1009 2124 d.
1036 2088 1121 2126 luce
1147 2089 1185 2125 F.
1213 2091 1401 2138 Bentley);

36 2131 160 2169 deerat
177 2132 220 2167 in
237 2131 348 2181 φῶ
365 2143 432 2170 nec
449 2134 584 2180 Por-ph.
600 2137 652 2180 (p.
666 2138 751 2179 357,
766 2139 805 2180 6)
823 2137 900 2172 iam
918 2142 1069 2174 owverat
1085 2138 1284 2175 subiectum
1304 2140 1403 2176 verbi

37 2178 207 2216 Oderunt
343 2180 396 2216 96
421 2181 466 2218 ob
494 2182 563 2227 fut.
584 2194 658 2229 pro
687 2185 854 2230 imperat.
882 2185 999 2221 Prisc.
1021 2188 1087 2229 18,
1107 2189 1156 2222 50
1181 2198 1221 2232 p.
1241 2189 1335 2230 229,
1354 2191 1402 2224 16

37 2226 88 2264 98
112 2233 147 2265 et
171 2227 223 2264 90
247 2227 348 2265 Num
436 2229 489 2278 ᾧ)
512 2230 666 2276 Βῑαπά.,
691 2230 748 2267 Ne
774 2245 795 2272 ς
872 2232 946 2269 102
973 2244 1017 2269 ac
1043 2233 1186 2277 Sthz,
1212 2245 1261 2270 an
1285 2235 1334 2282 (D
1350 2235 1402 2320 P

38 2275 112 2312 1⁰7
145 2276 190 2312 ut
218 2275 268 2324 (D
404 2289 450 2323 ι.,·
480 2280 520 2315 et
618 2280 760 2316 Bland.
884 2280 961 2317 110
995 2293 1068 2317 neu
1098 2282 1147 2329 Q)
1170 2282 1222 2331 Θ
1246 2284 1350 2320 Blan
1380 2311 1401 2326 .,

36 2334 83 2360 ue
109 2324 238 2362 lenna
263 2325 398 2371 Porph.
521 2326 541 2362 1
575 2327 595 2363 1
624 2326 696 2364 Sed
721 2328 771 2376 ᾧ
787 2328 849 2377 (ᾧ,
874 2328 943 2365 Est
967 2329 1004 2365 R
1102 2341 1200 2375 quae
1225 2333 1315 2377 (qua
1340 2332 1401 2378 φὶ)

35 2371 157 2421 ᾧῷ),
176 2372 241 2418 qni
263 2372 302 2408 E
315 2373 419 2410 Goth.
494 2375 602 2421 ponit
621 2377 646 2422 (-
654 2377 695 2412 at
713 2378 754 2422 π)
776 2378 807 2412 Φ
821 2378 974 2422 Βῑαπᾱ.,
994 2378 1112 2414 donat
1128 2379 1177 2426 Q)
1191 2379 1228 2416 R
1248 2380 1399 2427 (ylossa)
