1586 2514
169 87 228 130 30
667 87 803 124 CARM
838 87 855 123 Ι
883 91 936 124 17.
959 92 1014 124 18.

441 186 510 229 hic
540 187 783 230 innocentis
813 186 965 242 pocula
995 185 1143 229 Lesbii

438 245 565 289 duces
594 246 673 289 sub
703 245 855 301 umbra
884 261 959 288 nec
992 245 1227 289 Semeleius

492 321 590 348 cum
619 305 766 348 Marte
796 305 1035 348 confundet
1065 304 1295 360 Thyoneus

546 364 711 420 proelia
740 379 816 407 nec
845 370 1008 407 metues
1037 369 1279 420 protervom

171 461 206 488 ετ)
438 453 635 503 suspecta
664 446 844 503 Cyrum,
874 462 926 490 nc
954 446 1065 489 malo
1094 446 1258 503 dispari

443 506 755 549 incontinentis
785 506 940 549 iniciat
970 522 1123 549 manus

494 571 537 608 et
566 565 736 609 scindat
765 566 1011 609 haerentem
1041 580 1241 609 coronam

547 625 740 668 crinibus
764 625 1098 681 inmeritamque
1121 631 1295 668 vestem.

758 755 940 798 XVIII.

233 825 428 877 Nullam,
455 825 581 878 Varo,
607 842 727 869 sacra
753 826 841 869 vite
869 827 991 882 prius
1017 826 1172 869 severis
1197 826 1392 870 arborem

228 885 341 928 circa
365 885 472 928 mite
495 885 636 929 solum
661 885 841 928 Tiburis
866 891 909 928 et
932 886 1102 929 moenia
1126 885 1286 938 Catili;

229 945 355 988 siccis
386 945 533 988 omnia
562 960 664 988 nam
694 945 803 988 dura
834 945 939 988 deus
969 949 1196 1001 proposuit
1223 960 1360 1001 neque

232 1004 450 1047 mordaces
472 1004 601 1047 aliter
621 1004 881 1060 diffugiunt
902 1004 1230 1048 sollicitudines.

195 1103 212 1128 5
231 1086 329 1142 quis
343 1092 442 1143 post
454 1087 558 1130 vina
568 1102 746 1143 gravem
763 1086 972 1129 militiam
988 1093 1066 1130 aut
1078 1087 1331 1144 pauperiem
1346 1093 1492 1144 erepat
1508 1088 1526 1128 ἲ

229 1146 327 1202 quis
345 1161 432 1189 non
450 1152 492 1189 te
509 1146 670 1202 potius,
685 1146 851 1190 Bacche
869 1153 1004 1202 pater,
1025 1152 1164 1203 teque,
1183 1146 1333 1189 decens
1343 1146 1487 1190 Venus
1503 1148 1522 1187 ἶ)

230 1221 278 1248 ac
302 1221 354 1248 ne
378 1205 476 1262 quis
500 1205 661 1249 modici
687 1205 908 1249 transiliat
931 1221 1109 1248 munera
1132 1205 1297 1256 Liberi,

234 1265 477 1308 Centaurea
500 1271 646 1308 monet
668 1280 765 1308 cum
789 1264 992 1321 Lapithis
1016 1265 1112 1307 rixa
1135 1280 1262 1321 super
1283 1280 1399 1308 mero

233 1348 462 1400 debellata,
487 1354 634 1391 monet
659 1348 874 1391 Sithoniis
896 1363 983 1391 non
1008 1348 1114 1391 levis
1141 1348 1323 1400 Euhius,

181 1423 215 1450 ιο
234 1423 333 1451 oum
360 1408 429 1451 fas
457 1413 587 1464 atque
615 1408 739 1451 nefas
768 1408 928 1464 exiguo
955 1407 1051 1451 fine
1078 1407 1315 1453 libidinum

232 1467 485 1510 discernunt
511 1467 643 1511 avidi.
681 1482 768 1510 non
794 1482 873 1523 ego
902 1473 958 1518 te,
986 1466 1169 1510 candide
1198 1467 1420 1518 Bassareu,

233 1526 424 1570 invitum
445 1527 643 1582 quatiam
665 1542 740 1570 nec
761 1526 893 1569 variis
917 1526 1057 1569 obsita
1078 1526 1310 1569 frondibus

231 1609 311 1652 sub
338 1609 484 1652 divom
511 1609 693 1665 rapiam.
739 1624 861 1653 saeva
890 1616 986 1651 tene
1012 1623 1109 1652 cum
1137 1608 1395 1665 Berecyntio

235 1684 366 1712 cornu
400 1675 624 1725 tympana,
657 1684 767 1724 quae
799 1668 1077 1724 subsequitur
1109 1683 1256 1711 caecus
1287 1669 1427 1712 Amor
1457 1669 1523 1712 sui

182 1744 215 1770 15
234 1734 278 1771 et
308 1728 464 1771 tollens
494 1743 674 1771 vacuom
704 1728 803 1784 plus
835 1727 972 1771 nimio
1004 1727 1160 1770 Gloria
1189 1728 1388 1771 verticem

235 1787 467 1842 arcanique
497 1787 632 1831 Fides
661 1788 860 1844 prodiga,
891 1787 1155 1843 perlucidior
1184 1787 1310 1830 vitro.

276 1939 556 1986 (D2ABDE
648 1940 829 1987 Θιιεψ

278 2010 327 2045 22
353 2021 422 2046 nec
449 2032 490 2037 —-
518 2011 661 2056 proelia
687 2012 729 2047 ob
753 2022 827 2046 rem
847 2011 940 2046 Serv.
962 2022 1078 2057 yeory.
1099 2013 1134 2054 2,
1154 2013 1224 2046 455

280 2057 344 2105 18,
365 2058 388 2093 2
416 2058 589 2105 cat(h)illi
607 2059 656 2105 Q)
743 2059 914 2103 (Blancl.)
989 2058 1013 2093 5
1039 2059 1082 2093 ob
1102 2067 1252 2104 crepare
1272 2058 1368 2093 Non.
1383 2060 1468 2102 255,
1482 2060 1530 2094 1⁷

184 2107 266 2151 (qui
288 2107 395 2142 habet
419 2105 646 2151 mollitiem),
671 2119 691 2142 o
739 2107 833 2142 idem
859 2106 1003 2142 verbum
1023 2105 1118 2141 Serv.
1139 2106 1230 2142 Aen.
1254 2109 1286 2149 1,
1307 2107 1380 2140 738
1453 2116 1528 2142 ore-

210 2153 372 2201 atQDQD
390 2154 529 2189 Bland.
548 2154 654 2190 schol.
669 2155 748 2190 ΑΓ
763 2154 860 2190 Non.
883 2153 977 2190 Serv.
1000 2153 1078 2195 (hic
1096 2154 1251 2199 crepet),
1270 2152 1440 2198 increpat
1454 2154 1533 2189 ΦΕ

234 2202 276 2237 ob
300 2212 375 2237 rem
399 2202 505 2238 schol.
533 2203 611 2238 ΑΓ
633 2202 684 2237 ad
714 2213 823 2237 carm.
850 2204 885 2245 2,
907 2203 964 2245 12,
985 2203 1008 2236 6
1116 2200 1162 2236 11
1189 2211 1263 2236 non
1292 2221 1333 2226 —-·
1360 2199 1530 2246 quatiam

184 2250 226 2285 ob
251 2261 334 2291 rem.
361 2249 458 2285 Serv.
484 2250 576 2285 Aen.
603 2252 637 2293 4,
657 2251 729 2285 302
834 2248 882 2284 15
908 2249 950 2285 ob
975 2247 1060 2293 plus
1085 2248 1201 2284 nimio
1227 2249 1354 2294 Pomp.
1379 2259 1529 2294 yramm.

192 2297 225 2331 V
243 2299 324 2340 157,
345 2300 384 2340 1,
421 2297 463 2333 ob
494 2298 691 2343 imaginem
722 2296 817 2332 Serv.
845 2298 936 2332 Aen.
957 2299 992 2339 9,
1012 2299 1084 2332 630
1166 2295 1215 2330 Et
1244 2293 1381 2331 tollens
1410 2295 1459 2343 Q)
1480 2295 1531 2340 ζῶ

187 2344 359 2388 (Bland.)
387 2345 562 2390 (Pomp),
587 2343 777 2380 Extollens
806 2346 847 2387 Φ,
873 2343 1059 2379 Attollens
1084 2356 1112 2379 π
1139 2343 1269 2388 (Serv.)
