1586 2514
17 66 41 108 ‘ff-
592 61 740 99 EPIST.
764 61 781 96 Ι
809 65 865 98 10.
1323 59 1409 102 269

18 174 32 206 ξι·
49 179 150 208 cum
176 162 312 208 semel
338 162 506 221 accepit
533 161 680 207 Solem
709 160 980 204 furibundus
1007 159 1219 203 acutum?

51 229 117 268 est
147 222 225 268 ubi
254 222 438 268 divellat
465 237 639 267 somnos
669 221 815 265 minus
844 219 996 264 invida
1026 219 1165 262 cura?

24 282 243 328 ·deterius
273 282 458 340 Libycis
487 282 576 327 olet
603 287 682 326 aut
710 280 825 325 nitet
853 278 986 323 herba
1015 277 1218 336 lapillis?

49 341 204 400 purior
230 341 281 387 in
305 342 414 387 vicis
439 357 554 401 sque.
580 340 725 385 tendit
750 354 952 397 rumpere
979 338 1209 396 plumbum
1366 354 1407 379 eo

0 449 1 453 ,
49 417 183 460 quam
196 417 309 460 quae
322 417 400 460 per
413 416 602 461 pronum
617 399 812 458 trepidat
824 414 923 443 cum
938 413 1162 442 murmure
1175 398 1317 441 rivom
1336 399 1353 438 ’ἒ

0 461 1 464 ’
50 477 206 520 nempe
231 461 348 507 inter
371 461 514 507 varies
537 460 735 506 nutritur
759 459 870 503 silva
893 459 1118 503 columnas

49 521 341 580 laudaturque
372 522 541 574 domus,
571 521 726 578 longos
755 534 866 577 quae
896 518 1110 576 prospicit
1140 532 1292 574 agros:

49 587 254 626 naturam
286 581 476 640 expelles
506 582 647 634 furca,
681 586 828 625 tamen
860 594 995 636 usque
1026 581 1216 622 recurret

6 698 8 701 y
50 647 94 686 et
122 641 238 687 mela
264 647 519 700 perrumpet
551 640 705 684 furtim
733 639 920 683 fastidia
946 638 1120 682 victrix.
1372 654 1407 680 25

50 716 151 754 non,
177 701 256 760 qui
280 701 466 746 Sidonio
487 700 746 746 contendere
769 699 955 743 callidus
979 704 1095 742 ostro

50 761 188 805 nescit
213 761 488 819 Aquinatem
512 760 713 819 potantia
736 759 897 803 vellera
922 759 1091 810 fucum,

49 820 210 865 certius
242 821 428 878 accipiet
456 820 666 864 damnum
695 819 930 876 propiusve
961 817 1165 861 medullis

50 895 183 938 quam
210 880 288 938 qui
314 895 403 925 non
427 880 593 938 poterit
615 895 717 924 vero
742 879 1014 935 distinguere
1041 877 1219 920 falsum.

50 955 180 997 quem
210 955 278 984 res
305 939 406 997 plus
432 939 573 984 nimio
601 938 866 983 delectavere
893 936 1119 988 secundae,
1373 951 1408 978 30

1 1030 3 1032 -
51 1005 247 1044 mutatae
274 999 489 1057 quatient.
524 996 673 1056 siquid
700 997 928 1049 mirabere,
958 1012 1091 1054 pones

49 1059 230 1103 invitus.
265 1059 376 1116 fuge
399 1073 584 1116 magna:
612 1058 717 1102 licet
738 1057 820 1101 sub
843 1072 1034 1114 paupere
1058 1063 1171 1100 tecto

51 1133 174 1176 reges
203 1124 247 1163 et
274 1133 428 1175 regum
454 1118 549 1163 vita
575 1133 851 1175 praecurrere
880 1116 1054 1160 amicos.

50 1193 196 1222 cervos
223 1192 381 1235 equom
406 1192 557 1235 pugna
582 1177 738 1221 melior
765 1176 1069 1220 communibus
1097 1176 1241 1219 herbis

49 1237 255 1296 pellebat,
279 1237 415 1282 donec
435 1236 580 1282 minor
600 1237 650 1281 in
671 1236 907 1280 certamine
928 1235 1062 1293 longo
1372 1252 1407 1277 35

49 1298 291 1355 inploravit
318 1312 422 1355 opes
451 1296 641 1341 hominis
668 1297 932 1353 frenumque
961 1296 1136 1353 recepit.

49 1357 125 1401 sed
154 1362 388 1415 postquam
412 1356 554 1401 victor
579 1356 746 1400 violens
774 1355 971 1400 discessit
999 1356 1054 1399 ab
1084 1356 1217 1407 hoste,

50 1432 139 1461 non
166 1416 362 1474 equitem
386 1415 528 1469 domo,
556 1431 645 1460 non
671 1416 851 1459 frenum
877 1415 1051 1472 depulit
1079 1431 1163 1458 ore.

50 1477 114 1520 sic
143 1476 221 1534 qui
250 1475 504 1534 pauperiem
531 1475 696 1519 veritus
725 1475 894 1532 potiore
923 1475 1113 1519 metallis

50 1537 256 1580 libertate
287 1541 417 1588 caret,
448 1535 678 1579 dominum
707 1535 834 1578 vehet
864 1535 1074 1591 inprobus
1104 1541 1233 1592 atquc
1373 1553 1407 1577 ω

52 1596 211 1640 serviet
241 1601 480 1648 aeternum,
510 1595 616 1652 quia
645 1610 779 1652 parvo
809 1595 970 1638 nesciet
1001 1595 1081 1638 uti.

53 1655 124 1699 cui
155 1670 244 1700 non
271 1655 498 1699 conveniet
522 1670 602 1699 sua
631 1671 711 1707 res,
743 1661 792 1698 ut
819 1655 986 1698 calceus
1016 1654 1136 1705 olim,

50 1715 90 1758 si
115 1715 224 1772 pede
247 1715 388 1758 maior
410 1714 508 1767 erit,
533 1714 766 1766 subvertet,
792 1714 828 1758 si
854 1714 1011 1765 minor,
1038 1721 1146 1757 uret.

51 1775 191 1818 laetus
220 1780 335 1818 sorte
362 1780 439 1818 tue.
463 1774 582 1818 vives
609 1774 841 1831 sapienter,
871 1774 1031 1826 Aristi,

145 1867 381 1915 ῶταᾼἘ
479 1866 662 1915 ΘεΒΦ

146 1951 193 1988 17
221 1952 265 1988 ob
291 1954 444 1987 acutum
475 1952 582 1988 schol.
606 1954 640 1986 Γ
660 1952 711 1987 ad
734 1963 837 1987 serm.
856 1953 899 1995 2,
920 1953 961 1994 3,
981 1954 1054 1986 163
1177 1950 1227 1987 18
1253 1951 1413 1986 diuellat

50 2002 90 2038 E
176 1998 521 2046 Bland.,-depellat
545 1999 661 2039 aA²3
735 1998 786 2035 24
812 1998 977 2044 expelles
1001 1999 1050 2046 Q)
1067 1998 1118 2046 Θ
1138 1999 1324 2043 (Bland.)‚
1351 2010 1412 2034 ex-

194 2059 216 2087 ς
298 2046 350 2083 25
379 2047 535 2083 fastidia
560 2048 646 2091 Ες,
671 2047 830 2093 fastigia
854 2046 1014 2101 aA'QD,
1039 2047 1135 2082 nesti
1168 2046 1204 2082 ‘a
1230 2047 1369 2083 Bland.
1390 2059 1412 2087 ς

76 2095 100 2132 8
125 2106 174 2132 ue
199 2095 240 2131 E
249 2094 301 2143 Θ
326 2095 519 2140 (Elam),
545 2107 617 2141 que
643 2095 759 2136 aA’s
858 2094 906 2131 87
934 2096 1057 2130 uictor
1079 2094 1144 2130 uio
1161 2106 1228 2131 ens
1253 2094 1413 2141 (uiolens

49 2144 173 2181 uictor
196 2143 255 2189 E)
285 2143 335 2191 Θ
356 2142 409 2198 ᾧ)
437 2143 485 2187 cf.
512 2144 669 2188 Vahlen,
701 2154 822 2190 opusc.
850 2154 903 2179 ac.
925 2147 966 2187 1,
986 2145 1057 2178 335
1066 2157 1078 2185 ‚·
1116 2143 1259 2180 domito
1294 2142 1413 2178 victor

51 2191 218 2238 Bentley,
242 2189 344 2227 uicto
369 2191 495 2227 ndens
512 2191 659 2238 Haupt,
685 2192 787 2228 uicto
812 2190 987 2227 inludens
1007 2192 1150 2228 Holder
1223 2190 1273 2227 40
1298 2191 1414 2226 uehet

113 2238 181 2288 Q,
212 2237 319 2274 uehit
344 2240 413 2280 Ee
527 2237 576 2276 41
604 2240 647 2275 ob
671 2241 888 2276 sementiam
913 2239 1022 2284 affert
1047 2240 1143 2286 Auq.
1164 2243 1299 2285 quaest.
1319 2239 1413 2285 hept.

52 2293 93 2332 1,
111 2291 158 2325 31
191 2286 324 2332 (Vina.
343 2289 396 2324 28
415 2287 521 2324 1113
547 2299 587 2334 p.
609 2291 673 2331 19,
693 2291 732 2332 9)
764 2293 798 2324 et
828 2288 936 2324 multi
962 2292 1046 2332 post
1077 2299 1158 2327 eum
1288 2285 1338 2322 42
1372 2289 1415 2321 ut

50 2335 185 2383 φῶ,
210 2336 249 2370 et
274 2334 358 2370 Fu
