1586 2514
506 83 569 119 DE
595 83 723 120 ARTE
748 83 965 120 POETICA.
1327 82 1412 126 307

427 195 514 239 DE
541 195 715 238 ARTE
745 195 1036 238 POETIOA.

7 283 22 306 ·³
55 278 264 324 Humano
293 279 431 337 capiti
462 279 669 323 cervicem
699 279 842 336 pictor
871 278 1078 336 equinam

55 338 238 396 iungere
264 339 304 383 si
334 339 442 383 velit
470 345 515 383 et
544 339 685 383 varias
715 339 919 383 inducere
950 339 1136 395 plumas,

57 398 250 456 undique
276 399 447 442 collatis
473 398 680 443 membris
707 405 757 442 ut
784 399 973 456 turpiter
997 405 1145 442 atrum

2 465 14 484 ·‘
51 458 224 503 desinat
254 459 303 502 in
332 459 497 516 piscem
527 458 686 502 mulier
718 459 910 502 formosa
942 474 1150 515 superne:

52 523 297 576 spectatum
324 518 505 562 admissi
534 518 670 562 risum
699 519 898 570 teneatis,
929 518 1096 562 amici?
1390 533 1408 558 5

55 577 219 622 credite
245 578 441 631 Pisones,
470 578 546 622 isti
573 578 748 621 tabulae
776 578 872 621 fore
900 578 1064 621 librum

53 637 337 695 persimilem,
365 638 503 691 cuius,
530 637 650 682 velut
673 638 796 695 aegri
825 638 1008 690 somnia,
1037 653 1172 681 vanae

19 719 23 721 >
53 697 288 755 fingentur
314 698 493 756 species,
525 704 578 742 ut·
603 713 681 741 nec
712 713 786 755 pes
816 714 892 741 nec
923 704 1054 755 caput
1084 698 1162 741 uni

4 799 6 802 .
54 757 262 802 reddatur
292 758 475 802 formae.
516 757 772 815 ‘pictoribus
802 764 934 815 atque
966 758 1106 815 poetis

53 817 274 875 quidlibet
302 817 495 862 audendi
522 833 692 875 semper
723 818 816 861 fuit
847 834 984 875 aequa
1015 817 1235 875 potestas.'
1376 833 1409 859 ιο

51 878 226 931 scimus,
258 884 302 922 et
312 878 422 922 hano
431 877 603 922 veniam
613 878 889 935 petimusque
900 878 1138 935 damusque
1149 877 1339 921 vicissim
1355 894 1364 931 ;

51 938 127 982 sed
153 953 241 982 non
268 944 318 982 ut
343 938 530 996 placidis
557 944 709 982 coeant
735 938 928 990 inmitia,
956 953 1044 982 non
1072 944 1121 982 ut

52 1004 272 1056 serpentes
302 998 458 1043 avibus
486 998 779 1056 geminentur,
814 998 1005 1055 tigribus
1037 998 1156 1055 agni.

57 1059 243 1116 inceptis
269 1058 476 1116 gravibus
502 1058 758 1116 plerumque
786 1065 829 1101 et
859 1074 1020 1114 magna
1046 1059 1254 1115 professis

5 1131 7 1133 ·
53 1134 311 1176 purpureus,
341 1119 429 1162 late
457 1118 534 1175 qui
562 1118 802 1176 splendeat,
834 1134 947 1162 unus
975 1124 1018 1161 et
1045 1118 1157 1161 alter
1374 1135 1406 1160 15

52 1179 255 1223 adsuitur
281 1194 465 1236 pannus,
493 1194 592 1222 cum
619 1178 742 1222 lucus
770 1185 814 1222 et
839 1195 916 1222 ara
945 1178 1117 1222 Dianae

53 1245 96 1282 et
119 1238 396 1296 properantis
420 1254 558 1296 aquae
581 1254 658 1296 per
683 1254 884 1282 amoenos
910 1238 1101 1282 ambitus
1125 1254 1254 1295 agros

54 1305 131 1342 aut
154 1298 328 1342 flumen
354 1298 558 1342 Rhenum
582 1304 660 1342 aut
684 1298 856 1355 plovius
883 1297 1146 1342 describitur
1171 1314 1318 1352 arcus3

50 1359 126 1403 sed
156 1374 271 1403 nuno
301 1374 390 1403 non
418 1364 511 1403 erat
541 1359 610 1402 his
640 1359 772 1403 locus.
814 1366 857 1402 et
887 1360 1072 1402 fortasse
1100 1375 1350 1416 cupressum

53 1419 137 1463 scis
162 1419 396 1463 simulare:
432 1419 540 1477 quid
570 1419 663 1472 hoc,
694 1419 731 1463 si
762 1419 917 1462 fractis
946 1426 1095 1463 enatat
1125 1435 1274 1476 exspes
1378 1436 1412 1462 20

146 1513 411 1561 ῶεαΒοΚ
503 1512 687 1562 (xpum)
723 1516 784 1558 (=
800 1514 989 1558 Fama)

153 1597 214 1634 DE
240 1596 371 1634 ARTE
395 1595 602 1634 POETICA
721 1597 742 1633 1
774 1598 899 1645 Quint.
919 1599 1004 1634 inst.
1025 1600 1062 1642 8,
1082 1600 1117 1642 3,
1137 1601 1186 1633 60
1211 1599 1419 1633 monstrum

53 1646 165 1692 quale
197 1645 377 1682 Horatius
414 1645 454 1681 in
489 1645 613 1693 prima
649 1647 758 1692 parte
796 1645 884 1681 libri
922 1646 969 1682 de
1007 1647 1088 1682 arte
1125 1646 1276 1692 poetica
1310 1645 1421 1692 fingit

57 1694 236 1731 ‘humano
250 1714 295 1721 —
309 1693 430 1739 velit’3
455 1695 503 1738 cf.
523 1693 658 1742 Symm.
678 1696 780 1741 epist.
802 1698 835 1737 1,
849 1697 883 1738 4,
898 1697 920 1729 3
994 1693 1018 1730 2
1044 1696 1145 1731 omis.
1166 1696 1203 1731 B
1270 1693 1419 1740 plumas

51 1741 169 1792 φῶ
193 1743 348 1789 ΡονρῙι.,
378 1741 519 1778 formas
546 1743 710 1779 Bia-iola
817 1741 841 1778 4
867 1742 1003 1778 faciem
1036 1744 1120 1798 (sic)
1154 1743 1178 1778 f.
1207 1754 1234 1778 s.
1261 1743 1304 1779 ob
1336 1743 1418 1779 adv.

0 1796 1 1826 ζ
53 1801 214 1838 superne
238 1791 347 1836 affert
363 1791 471 1827 schol.
493 1790 636 1827 Lucan.
651 1793 687 1835 9,
700 1793 774 1827 317
846 1790 870 1826 5
892 1790 1048 1826 admissi
1067 1791 1116 1838 Θ
1185 1819 1194 1835 ,
1220 1790 1325 1827 missi
1345 1791 1423 1827 BC

52 1838 79 1875 6
102 1839 254 1886 pisones
277 1838 395 1888 ᾧῷ)
418 1839 574 1885 Porph,
606 1839 750 1885 pisonis
779 1841 810 1874 Φ
921 1839 940 1875 7
969 1839 1075 1886 aegri
1102 1840 1133 1876 0
1187 1841 1218 1874 Φ
1244 1840 1417 1884 (Bland.)

52 1887 162 1924 varia
192 1888 296 1925 lectio
326 1888 368 1924 in
398 1887 506 1924 schol.
535 1889 570 1922 Γ
580 1887 621 1932 V,
652 1887 775 1934 aegris
806 1888 922 1924 aBR
951 1888 1058 1924 schol.
1087 1888 1168 1924 FV
1274 1887 1299 1923 9
1333 1888 1419 1924 Ven.

54 1935 159 1973 Fon.
189 1947 302 1972 cam.
329 1939 372 1979 5,
398 1938 422 1971 6
453 1936 574 1982 praef.
603 1938 626 1971 7
662 1935 845 1983 letargico
885 1935 1027 1971 dictum
1065 1935 1191 1972 Flacci
1228 1935 1420 1971 Pindarici

57 1983 280 2030 ‘pictoribus
306 2005 351 2010 —
377 1984 561 2030 potestas’
697 1983 748 2020 1⁰
774 1983 969 2027 Quidlibet
992 1984 1041 2031 (D
1064 1983 1130 2032 Θ,
1163 1983 1367 2027 Quodlibet
1391 1996 1420 2019 π

7 2042 10 2046 ’
55 2032 184 2069 lemma
202 2032 358 2078 Pmph„
384 2030 578 2077 quaelibet
599 2032 794 2076 (Venant.)
871 2031 917 2067 11
946 2033 1112 2068 ueniam:
1139 2032 1361 2068 beneficium
1387 2036 1420 2068 et

31 2118 35 2122 ,
55 2078 106 2116 18
117 2079 372 2127 geminentur:
387 2079 611 2126 copulentur
622 2081 693 2127 [γρ.
703 2080 795 2116 Bob.
803 2092 954 2127 yramm.
966 2081 1050 2116 VII
1059 2083 1144 2124 542,
1153 2082 1203 2116 25
1263 2079 1313 2116 15
1327 2080 1419 2115 Pur-

11 2152 13 2155 ·
54 2138 192 2174 puteus
218 2148 264 2155 -
288 2139 436 2174 pannus
467 2128 510 2163 ob
541 2129 758 2164 sententiam
782 2128 880 2165 Serv.
902 2130 993 2164 Aen.
1015 2132 1073 2172 10,
1094 2130 1165 2165 653
1173 2142 1185 2172 ,·
1223 2128 1268 2172 cf.
1290 2128 1418 2164 Sidon.

7 2175 11 2181 '
53 2186 164 2213 carm.
183 2178 236 2213 22
257 2177 363 2222 epist.
384 2179 409 2213 6
481 2175 531 2212 18
556 2177 600 2212 ob
626 2175 763 2212 fiumen
783 2176 955 2211 Rhenum
982 2177 1091 2220 affert
1109 2177 1244 2223 Porph.
1259 2188 1369 2213 carm.
1384 2179 1417 2212 4.

53 2227 95 2268 4,
113 2226 163 2261 48
283 2223 432 2270 pluvius
456 2223 506 2271 Q)
523 2223 574 2272 Θ
598 2224 734 2270 Porph.
761 2226 803 2269 (i.
821 2225 929 2261 schol.
949 2225 1053 2269 ΓΟ),
1079 2224 1212 2260 fluvius
1241 2226 1272 2260 Φ
1299 2225 1417 2269 (codd.

8 2277 12 2283 ’
55 2272 190 2318 Porph.
216 2272 267 2309 ad
291 2283 404 2309 carm.
423 2274 464 2317 4,
484 2275 524 2316 4,
544 2275 611 2318 38)
698 2272 749 2308 19
774 2283 873 2308 nunc
898 2283 972 2308 non
996 2273 1046 2320 Q)
1062 2272 1129 2321 Θ,
1155 2283 1232 2307 non
1256 2283 1356 2308 nunc
1382 2273 1419 2309 B

7 2323 12 2331 '
54 2318 289 2415 {Deam-mes
312 2320 363 2368 G)
381 2319 433 2368 ᾧ
456 2321 527 2367 fry.
550 2320 642 2357 Bob.
661 2332 813 2367 yramm.
842 2321 924 2356 VII
945 2323 1028 2365 542,
1046 2323 1109 2365 25,
1135 2330 1266 2366 expers
1294 2322 1326 2355 Φ
1333 2334 1347 2365 ;
1371 2321 1415 2365 cf.

147 2395 156 2404 .
177 2371 242 2412 ιε,
261 2371 310 2406 3⁷

1129 2429 1201 2464 20⁸
