1586 2514
589 75 730 114 EPOD.
758 81 812 113 14.
836 61 891 114 1'5.
1345 76 1425 120 161

225 175 364 220 ureris
385 175 480 233 ipse
505 175 662 220 miser:
688 175 847 233 quodsi
870 190 958 220 non
981 175 1175 233 pulcrior
1196 175 1317 232 ignis

275 235 476 280 accendit
501 235 720 280 obsessam
751 235 883 288 Ilion,

222 295 367 354 gaude
389 302 506 340 sorte
533 301 634 350 tus3
667 311 737 340 me
761 295 983 348 libertina,
1011 310 1088 340 nec
1114 311 1201 340 uno
1390 311 1422 338 ιε

275 361 495 408 contenta,
519 354 698 413 Phryne
723 361 926 400 macerat.

684 657 787 701 XV.

223 752 325 800 ,Nox
353 758 447 797 erat
475 758 518 797 et
544 753 661 797 caelo
688 753 893 810 fulgebat
920 753 1049 797 Luna
1076 768 1225 796 sereno

273 812 391 856 inter
415 812 586 857 minora
609 813 767 863 sidera,

221 887 321 916 cum
348 878 412 925 tu,
443 887 703 930 magnorum
730 888 892 916 numen
920 873 1089 916 laesura
1116 873 1312 924 deorum,

272 931 323 976 in
341 931 474 976 verba
495 932 670 976 iurabas
691 948 801 984 mea,

219 991 360 1035 artius
390 997 522 1049 atque
554 991 711 1036 hedera
741 1007 923 1049 procera·
949 992 1246 1049 adstringitur
1276 992 1365 1036 ilex
1402 1009 1420 1035 ὁ

273 1050 406 1095 lentis
429 1051 666 1096 adhaerens
691 1051 919 1104 bracchiis,

219 1110 326 1155 dum
350 1110 496 1168 pecori
523 1111 654 1169 lupus
679 1117 724 1156 et
748 1112 896 1156 nautis
922 1112 1112 1156 infestus
1139 1111 1278 1156 Orion

272 1171 472 1216 turbaret
499 1170 732 1215 hibernum
762 1187 882 1216 mare

217 1230 500 1289 intonsosque
525 1231 717 1289 agitaret
745 1231 974 1289 Apollinis
1000 1248 1106 1276 aura
1133 1232 1330 1290 capillos,

271 1291 369 1334 fore
395 1291 510 1335 huno
535 1306 728 1335 amorem
754 1298 968 1345 mutuom,
1385 1309 1419 1335 ιο

217 1366 242 1394 o
269 1350 464 1395 dolitura
492 1366 589 1395 mea
615 1351 807 1395 multum
833 1352 998 1396 virtute
1027 1352 1222 1397 Neaera:

271 1426 374 1455 nam
397 1410 547 1468 siquid
574 1411 623 1455 in
646 1411 807 1455 Flacco
831 1411 918 1455 viri
944 1418 1022 1464 est,

217 1485 306 1515 non
329 1470 446 1514 feret
471 1469 677 1515 adsiduas
700 1471 866 1528 potiori
890 1477 934 1515 te
958 1472 1061 1516 dare
1086 1478 1232 1516 noctes

270 1535 315 1574 et
342 1536 523 1588 quaeret
553 1530 693 1575 iratus
722 1547 871 1588 parem

217 1605 294 1634 nec
322 1591 458 1635 semel
488 1591 658 1635 offensi
690 1591 812 1635 'cedet
841 1592 1090 1637 constantia
1122 1593 1306 1646 formae,
1383 1609 1415 1636 15

265 1650 306 1694 si
326 1656 470 1694 certus
491 1650 672 1695 intrarit
692 1651 829 1695 dolor.

214 1715 258 1753 et
284 1715 357 1763 tu,.
376 1709 641 1767 quicumque
667 1726 711 1754 es
738 1711 913 1755 felicior
940 1717 1071 1769 atque
1097 1727 1193 1756 meo
1222 1728 1335 1756 nunc

265 1768 479 1827 superbus
504 1769 671 1814 incedis
699 1770 829 1823 malo,

221 1828 284 1872 sis
309 1843 461 1886 pecore
488 1834 533 1873 ct
557 1829 698 1874 multa
724 1830 844 1874 dives
871 1831 1027 1875 tellure
1052 1830 1205 1876 licebit

269 1887 441 1946 tibique
465 1888 671 1933 Pactolus
698 1889 818 1934 fluat
1379 1909 1415 1936 20

144 2029 366 2077 &Aac
457 2029 639 2079 Θῆτα»

147 2162 213 2206 15,
233 2160 273 2199 4.
299 2161 324 2199 5
350 2163 394 2200 ob
417 2163 618 2208 formulam
642 2163 766 2200 iurare
791 2164 831 2200 in
858 2164 971 2200 verba
996 2165 1104 2209 affert
1130 2166 1247 2202 Prisc.
1268 2169 1328 2210 18,
1341 2169 1417 2203 210

43 2223 85 2258 p.
105 2213 246 2255 311,11
392 2211 418 2246 9
443 2211 609 2258 agitaret
631 2212 681 2260 Q)
697 2212 765 2261 Θ,
801 2212 959 2259 agitarit
983 2214 1042 2249 δπ
1189 2213 1238 2249 12
1269 2213 1344 2249 uiri
1367 2214 1418 2262 (D

50 2259 199 2306 Pon-ph„
211 2258 350 2295 uirium
361 2258 414 2308 (τῇ
487 2258 537 2296 14
549 2262 707 2306 quaeret
717 2261 767 2308 Θ
782 2265 839 2306 ω,
854 2260 1003 2306 quaerit
1015 2262 1132 2298 ΑΒπ
1219 2261 1266 2297 15
1281 2261 1416 2299 offensi

46 2307 251 2392 31⁰1th
269 2308 296 2343 i.
316 2307 471 2392 P‘gph'
506 2307 672 2345 offensae
696 2309 745 2356 Q)
766 2313 809 2352 ῶ
838 2310 899 2345 Ps.
919 2309 1056 2355 Porph.
1157 2309 1203 2346 17
1232 2311 1274 2346 tu
1298 2310 1347 2357 (D
1363 2309 1416 2359 Θ

49 2358 70 2400 (
117 2367 143 2392 a
171 2399 174 2401 ,
199 2358 238 2401 -)‚
261 2366 331 2392 om.

120 2421 301 2455 nonnus,
319 2422 365 2448 ed.
385 2422 566 2450 Vollmer.
605 2424 660 2451 Ed.
680 2424 722 2450 11.
742 2424 847 2450 molor.
860 2422 960 2456 [1486]
1154 2421 1194 2452 11
