1586 2514
521 70 585 107 DE
610 71 740 107 ARTE
766 71 983 108 POETICA.
1345 74 1432 117 323

69 167 264 213 versibus
291 168 490 223 exacuit3
527 169 670 214 dictae
698 185 776 227 per
803 170 1000 215 carmina
1028 177 1164 215 sortes

68 233 113 272 et
131 227 249 273 vitae
269 234 511 273 monstrata
533 230 605 274 via
626 235 691 274 est
712 236 756 274 et
775 231 922 288 gratia
944 247 1098 288 regum

71 288 234 333 Pieriis
260 294 477 347 temptata
503 290 646 335 modis
673 290 889 348 ludusque
917 298 1112 349 repertus
1375 308 1428 336 ωε

70 354 114 393 et
141 349 376 406 longorum
406 365 587 408 operum
617 351 754 395 finis:
791 367 845 394 ne
875 351 993 395 forte
1023 352 1182 409 pudori

67 409 130 453 sit
154 408 241 453 tibi
266 409 401 454 Musa
428 410 551 467 lyrae
578 410 727 455 sollers
755 416 798 454 et
825 417 977 455 cantor
1004 411 1182 469 Apollo.

70 473 228 513 natura
256 468 393 514 fieret
420 470 643 515 laudabile
674 486 846 514 carmen
875 487 932 515 an
962 478 1070 524 arte,

68 529 316 586 quaesitum
342 536 432 574 est:
465 546 547 588 ego
571 546 651 586 nec
676 531 873 575 studium
900 531 992 575 sine
1019 532 1158 576 divite
1184 548 1291 576 vena

69 603 146 632 neo
168 589 276 633 rude
298 590 407 647 quid
431 591 572 648 prosit
593 591 720 635 video
742 591 997 648 ingenium:
1028 592 1209 636 alterius
1232 592 1294 636 sic
1369 609 1423 635 410

67 647 206 692 altera.
225 650 368 707 poscit
388 665 515 708 opem
537 666 604 695 res
625 657 669 695 et
689 651 890 695 coniurat
910 652 1060 695 amice.

67 708 146 765 qui
169 709 319 753 studet
346 716 543 767 optatam
570 726 698 755 cursu
726 711 978 768 contingere
1006 718 1182 765 metam,

1 812 3 814 ,
67 768 209 812 multa
232 769 340 812 tulit
362 770 558 827 fecitque
581 786 703 828 puer,
727 771 903 815 sudavit
926 777 970 814 et
992 771 1109 822 alsit,

68 826 285 872 abstinuit
303 845 457 874 venere
476 836 520 874 et
537 831 663 885 vino;
690 831 769 888 qui
789 831 956 887 Pythia
975 838 1124 875 cantat

67 887 247 941 tibicen,
277 889 440 934 didicit
467 889 590 947 prius
622 891 916 948 extimuitque
946 891 1222 948 magistrum.
1370 908 1423 934 415

67 963 183 992 nunc
206 948 315 992 satis
342 955 408 993 est
433 950 597 994 dixisse
624 949 719 1008 ‘ego
746 951 859 994 mira
885 957 1086 1008 poemata
1113 967 1282 1009 pango;

67 1013 248 1065 occupet
277 1012 522 1054 extremum
550 1010 739 1064 scabies3
780 1011 891 1054 mihi
923 1016 1051 1068 turpe
1082 1011 1274 1068 relinqui
1306 1018 1370 1055 est

66 1071 110 1110 et
135 1063 253 1124 quod
280 1084 368 1112 non
395 1068 536 1113 didici
560 1085 664 1114 sane
691 1070 855 1114 nescire
882 1071 1049 1114 fateri!

0 1144 2 1146 ’
67 1132 118 1170 ut
142 1142 312 1184 praeco,
342 1128 397 1172 ad
426 1145 586 1174 merces
615 1130 790 1174 turbam
818 1130 896 1187 qui
922 1131 1044 1188 cogit
1072 1132 1289 1185 emendas,
1337 1187 1350 1195 -

65 1186 364 1232 adsentatores
384 1188 509 1233 iubet
529 1189 586 1234 ad
609 1189 781 1234 lucrum
805 1191 868 1234 ire
891 1197 1019 1247 poeta
1370 1207 1424 1234 420

66 1244 200 1291 ‘dives
227 1248 362 1305 agris,
391 1248 512 1293 dives
540 1249 697 1307 positis
725 1250 775 1294 in
803 1251 982 1294 faenore
1010 1251 1235 1296 nummis.’

65 1305 103 1349 si
124 1321 226 1350 vero
249 1313 327 1360 est,
354 1314 536 1352 unctum
558 1310 636 1366 qui
660 1317 773 1354 recte
795 1326 953 1367 ponere
976 1312 1114 1367 possit

66 1371 110 1409 et
133 1367 347 1424 spondere
373 1368 459 1412 levi
487 1384 566 1426 pro
594 1385 784 1427 paupere
810 1376 855 1414 et
882 1370 1048 1427 eripere
1075 1372 1183 1415 artis

65 1425 222 1470 litibus
250 1427 520 1484 inplicitum,
551 1429 757 1482 mirabor,
789 1430 825 1474 si
854 1430 963 1474 sciet
991 1430 1126 1475 inter-

66 1501 239 1530 noscere
267 1487 517 1532 mendacem
545 1505 782 1547 verumque
812 1490 964 1533 beatus
992 1492 1197 1535 amicum.
1371 1507 1422 1534 426

66 1550 116 1589 tu
139 1561 217 1591 seu
243 1546 422 1592 donaris
448 1564 524 1593 seu
551 1549 659 1606 quid
687 1550 848 1594 donare
873 1550 990 1593 voles
1018 1551 1103 1604 cui,

66 1605 207 1650 nolito
232 1607 288 1650 ad
313 1623 461 1653 versus
487 1608 574 1652 tibi
600 1609 742 1654 factos
768 1610 924 1654 ducere
949 1611 1130 1667 plenum

66 1664 288 1720 laetitiam
316 1667 526 1711 clamabit
545 1669 663 1712 enim
684 1669 888 1726 ‘pulchre,
911 1670 1031 1722 bene,
1053 1671 1194 1723 recte,’

65 1724 272 1780 pallescet
297 1742 428 1784 super
454 1727 537 1781 his,
566 1729 702 1772 etiam
731 1729 920 1772 stillabit
947 1730 1101 1774 amicis

155 1830 420 1878 QmBOK
515 1833 700 1882 (ιῇεΒΦ

156 1912 236 1950 410
260 1916 382 1961 prosit
404 1916 454 1964 Q
476 1917 544 1965 Θ,
569 1918 690 1964 possit
715 1930 737 1958 ς
858 1918 1014 1955 alterius
1038 1931 1097 1955 res
1123 1931 1156 1956 a.
1177 1932 1213 1966 p.
1234 1931 1267 1956 o.
1288 1920 1429 1956 sociam

60 1962 101 1998 et
125 1972 155 1997 c.
177 1962 297 1998 amice
321 1963 500 2001 Heiricus
524 1966 615 2002 PM
619 1968 654 2002 A
676 1967 752 2003 III
767 1978 807 2013 p.
827 1969 916 2010 440,
937 1969 987 2003 56
1084 1966 1162 2004 412
1187 1968 1233 2012 cf.
1255 1969 1430 2005 Heiricus

55 2021 96 2056 p.
117 2011 206 2056 501,
225 2013 275 2049 6⁷
365 2009 444 2048 414
469 2013 535 2057 qui
560 2035 605 2040 —
631 2014 774 2050 tibicen
799 2015 841 2051 ob
868 2025 943 2051 acc.
963 2015 1073 2060 affert
1096 2016 1175 2052 cod.
1194 2028 1215 2052 r
1239 2017 1432 2053 fflsciani

61 2068 214 2104 ymnum.
234 2059 310 2095 III
329 2061 413 2105 331,
432 2063 482 2097 16
577 2060 656 2098 416
681 2062 791 2099 Nunc
815 2063 864 2110 Q
885 2066 927 2106 (D
955 2063 1063 2100 schol.
1084 2066 1128 2108 Γ,
1153 2064 1232 2100 Nec
1258 2076 1280 2104 ς
1372 2066 1429 2100 est

125 2106 193 2156 (τῇ,
225 2108 264 2144 et
288 2108 366 2145 BG
451 2107 539 2145 -412
567 2110 730 2156 relinqui
756 2112 813 2147 est
837 2114 939 2156 affl,
972 2111 1135 2158 relinqui
1162 2114 1248 2149 ΒΚ
1272 2112 1427 2158 (0¹d¹?)

88 2153 141 2191 2⁰
158 2154 265 2193 iubet
284 2156 333 2192 ad
352 2155 496 2192 lucrum
517 2158 656 2207 αΚζῷ,
682 2159 731 2194 ad
750 2159 894 2195 lucrum
914 2158 1020 2195 iubet
1034 2161 1111 2197 Bo
1175 2160 1250 2196 421
1266 2178 1310 2191 =
1324 2172 1427 2197 serm.

60 2205 97 2247 1,
114 2204 152 2248 2,
171 2206 219 2241 13
291 2204 392 2251 agris
416 2205 466 2252 Q
482 2204 534 2289 (ιζ)
557 2207 764 2253 utrubique,
790 2207 872 2253 agri
896 2207 956 2243 hic
980 2208 1058 2244 BC
1145 2207 1221 2244 422
1249 2208 1288 2245 Si
1312 2209 1362 2256 Q
1378 2208 1429 2257 Θ

62 2250 249 2299 (Porph),
268 2251 333 2289 Sin
351 2254 400 2290 -Ζπ
473 2252 499 2289 4
526 2253 551 2290 8
577 2254 670 2290 artis
691 2267 724 2300 ς,
748 2256 840 2291 atris
858 2255 907 2302 Q
923 2254 975 2311 ᾧ)
1047 2255 1140 2294 425.
1154 2255 1232 2293 424
1252 2257 1430 2294 ordmant

61 2298 130 2340 Βς
154 2303 189 2336 et
212 2302 397 2347 wmnplar
421 2302 497 2338 cod.
519 2302 564 2338 K
628 2303 722 2339 sciet
745 2304 794 2350 Q
811 2303 878 2351 Q,
903 2307 1000 2339 sciat
1026 2306 1062 2340 Β
1133 2304 1213 2341 426
1239 2305 1299 2341 cui
1324 2305 1427 2350 (quoi

62 2346 246 2394 Rumam
272 2350 321 2397 Q)
343 2349 395 2397 Θ
419 2351 549 2386 mand
578 2351 685 2387 schol.
708 2354 749 2395 Γ,
775 2352 839 2397 qui
867 2353 903 2387 B

1141 2413 1211 2449 21*
