1586 2514
204 94 290 136 318
643 94 707 130 ΒΕ
733 94 861 131 ARTE
886 94 1100 131 POETICA.

204 207 258 234 270
275 198 322 235 at
347 192 479 235 vestri
506 193 656 249 proavi
686 194 916 237 Plautinos
944 200 987 237 et
1013 209 1212 239 numeros
1239 200 1282 238 et

281 251 510 295 laudavere
532 253 655 305 sales,
683 253 871 297 nimium
898 254 1112 310 patienter
1138 260 1381 311 utrumque,

282 327 335 354 ne
361 311 506 355 dicam
532 313 680 365 stulte,
711 313 876 364 mirati,
908 313 944 356 si
974 313 1102 357 modo
1131 329 1210 371 ego
1239 319 1282 357 et
1308 329 1382 357 vos

279 371 440 414 scimus
463 371 729 415 inurbanum
752 372 898 428 lepido
922 388 1123 429 seponere
1146 373 1264 416 dicto

280 430 617 487 legitimumque
639 446 794 474 sonum
817 431 974 487 digitis
1000 432 1203 476 callemus
1229 438 1271 476 et
1295 447 1411 476 aure.

202 504 254 531 275
273 489 476 545 ignotum
506 490 698 546 tragicae
729 505 863 546 genus
894 491 1105 534 invenisse
1137 492 1350 535 Camenae

280 548 444 592 dicitur
471 555 514 592 et
539 549 746 605 plaustris
772 550 936 593 vexisse
963 557 1161 606 poemata
1189 550 1384 607 Thespis,

280 624 389 664 quae
420 615 622 652 canerent
651 615 912 666 agerentque
943 610 1141 666 peruncti
1173 610 1368 654 faecibus
1397 625 1485 654 ora.

280 673 377 723 post
406 668 520 711 hunc
549 683 754 725 personae
785 669 1009 737 pallaeque
1039 675 1230 726 repertor
1259 670 1461 713 honestae

280 727 524 782 Aeschylus
548 733 593 770 et
617 727 800 771 modicis
825 729 1028 772 instravit
1053 729 1227 786 pulpita
1251 729 1389 786 tignis

200 801 254 828 280
272 792 315 829 et
338 786 488 830 docuit
511 803 804 844 magnumque
828 788 948 844 loqui
973 788 1142 845 nitique
1167 788 1387 832 cothurno.

279 846 479 888 successit
503 852 625 889 vetus
654 846 721 889 his
746 846 979 899 comoedia,
1007 862 1093 891 non
1121 844 1212 891 sine
1239 847 1377 891 multa

279 905 429 959 laude;
463 906 578 949 sed
566 922 615 950 1n
641 906 800 950 vitium
828 906 1007 950 libertas
1034 907 1198 950 excidit
1224 913 1267 951 et
1293 907 1382 951 vim

279 965 460 1021 dignam
486 966 581 1022 lege
608 966 727 1022 regi:
761 966 831 1009 lex
859 972 922 1009 est
948 973 1122 1023 accepta
1145 967 1384 1024 chorusque

279 1025 469 1092 turpiter
494 1025 682 1069 obticuit
707 1026 917 1069 sublato
905 1042 998 1069 iure
1027 1026 1222 1070 nocendi.

200 1099 251 1125 285
272 1084 336 1126 nil
361 1084 672 1152 intemptatum
699 1085 835 1128 nostri
862 1085 1026 1141 liquere
1053 1092 1203 1154 poetae

279 1159 355 1186 nec
385 1144 618 1187 minimum
648 1160 839 1188 meruere
870 1145 996 1188 decus
1026 1145 1211 1202 vestigia
1240 1145 1405 1188 Graeca

278 1203 372 1246 ausi
401 1203 594 1247 deserere
624 1210 667 1247 et
698 1204 908 1247 celebrare
939 1204 1175 1248 domestica
1204 1205 1322 1249 facta

274 1262 342 1305 vel
365 1263 441 1319 qui
468 1269 713 1319 praetextas
736 1264 802 1306 vel
827 1263 902 1319 qui
930 1263 1109 1306 docuere
1134 1269 1317 1320 togatas.

279 1338 355 1365 nec
385 1322 549 1366 virtute
580 1323 696 1366 foret
728 1323 905 1366 clarisve
937 1324 1158 1380 potentius
1189 1323 1321 1367 armis

199 1397 252 1423 ⁶290
270 1397 401 1438 quam
426 1382 580 1438 lingua
606 1382 799 1434 Latium,
825 1383 863 1425 si
889 1398 975 1426 non
1001 1384 1250 1427 offenderet
1274 1399 1409 1427 unum

277 1457 491 1498 quemque
521 1448 747 1498 poetarum
779 1442 908 1485 limae
939 1443 1062 1485 labor
1093 1449 1136 1486 et
1166 1458 1298 1487 mora.
1339 1458 1426 1494 vos,
1459 1458 1483 1485 0

279 1501 526 1557 Pompilius
551 1502 743 1558 sanguis,
771 1517 943 1545 carmen
969 1502 1280 1558 reprehendite,
1309 1502 1423 1559 quod
1451 1518 1536 1546 non

278 1561 416 1603 multa
441 1561 534 1603 dies
562 1566 605 1604 et
629 1561 771 1605 multa
799 1561 933 1604 litura
961 1562 1148 1605 coercuit
1174 1568 1303 1618 atque

250 1662 252 1664 ,
277 1626 545 1676 praesectum
572 1621 713 1663 decies
742 1635 827 1664 non
854 1622 1086 1677 castigavit
1115 1621 1169 1665 ad
1200 1636 1402 1678 unguem.

286 1714 546 1761 (92a1301c
639 1713 821 1761 &RQ

287 1784 489 1821 275—288
523 1785 565 1821 ob
596 1797 670 1821 rem
701 1786 864 1829 afferunt
887 1787 1075 1832 Excerpta
1105 1787 1149 1823 de
1177 1786 1360 1822 comoedia
1385 1785 1539 1831 (Donat.

191 1834 242 1870 ed.
268 1835 414 1870 Wesner
436 1845 472 1879 p.
492 1836 580 1877 25);
604 1833 650 1876 cf.
670 1833 796 1869 Sidon.
817 1844 928 1870 carm.
948 1836 984 1878 9,
1003 1837 1076 1870 235
1088 1845 1160 1880 sqq.
1270 1832 1470 1870 275-277
1497 1834 1540 1870 ob

190 1885 263 1918 tem
282 1882 450 1918 Diomed.
468 1892 619 1936 yramm
634 1882 658 1916 1
674 1883 758 1924 487,
772 1884 820 1917 27
892 1880 969 1917 276
993 1881 1171 1927 plaustris
1196 1880 1410 1929 aO’K'Q,
1435 1880 1540 1926 plau·

191 1929 241 1964 sis
267 1929 423 1965 Βο1Κι
501 1928 645 1964 nexisse
669 1929 718 1975 Q
733 1908 800 1976 Θ,
838 1928 976 1965 uixisse
1002 1929 1103 1965 ΒΚι
1199 1928 1274 1965 277
1301 1928 1402 1971 Quae
1425 1928 1474 1975 Q
1490 1928 1541 1983 Θ

189 1978 296 2013 schol.
315 1979 351 2012 Γ
373 1977 537 2022 (Excerp
538 1981 576 2012 ta
608 1975 650 2012 de
675 1987 760 2012 com.
781 1976 984 2021 Dionaed„)
1016 1976 1087 2019 Qui
1112 1976 1266 2023 Bentley
1368 1976 1539 2022 peruncti

189 2024 238 2072 Q
254 2024 305 2072 Q
327 2024 432 2060 schol.
457 2026 492 2059 Γ
512 2024 715 2069 (Exn-emta
740 2024 783 2059 de
807 2027 910 2069 eom.)
931 2025 1110 2068 Diomed„
1134 2023 1264 2059 infecti
1291 2023 1491 2068 (Diomed.)

190 2082 255 2107 ora
268 2073 343 2108 aK
359 2084 386 2107 11
410 2071 575 2107 Diomed.
591 2072 796 2116 (Eaecerpta
814 2072 856 2107 de
870 2075 987 2117 cona),
1001 2071 1092 2107 atris
1099 2052 1182 2108 'Bo
1245 2070 1321 2107 279
1334 2070 1538 2116 Aeschylus

188 2120 238 2166 Q
257 2121 407 2165 (Pom).
422 2120 608 2163 Excerpta
627 2119 670 2155 de
688 2130 765 2155 com
767 2121 806 2163 .,)
825 2119 1040 2164 Aeschynus
1059 2119 1146 2155 vel·
1130 2119 1231 2154 -inus
1248 2118 1299 2166 Q
1366 2117 1441 2154 281
1462 2119 1539 2154 sine

189 2168 350 2203 lem-mate
381 2167 545 2211 exempla
576 2167 690 2202 Vatic.
716 2169 792 2202 269
906 2165 982 2203 288
1006 2167 1107 2203 omis.
1133 2167 1170 2202 Β
1280 2164 1357 2202 284
1381 2165 1538 2201 nocendi

188 2215 237 2262 Q
253 2214 304 2262 Q
327 2215 433 2251 schol.
456 2215 535 2258 FV,
566 2213 743 2260 loquendi
769 2215 973 2260 (Excevpta
998 2214 1041 2250 de
1064 2217 1168 2259 com.)
1297 2212 1374 2249 288
1399 2214 1441 2250 ob
1465 2224 1538 2249 rem

188 2262 738 2308 Dionaed.qramm.1489,22
797 2261 874 2298 289
893 2272 940 2297 ue
960 2273 984 2297 a
1047 2289 1055 2305 ,
1082 2271 1153 2306 que
1173 2262 1209 2297 13
1218 2261 1296 2298 GK
1352 2259 1444 2297 2⁹8.
1461 2258 1537 2296 2⁹4

188 2320 276 2346 om.
302 2309 369 2346 Κι
500 2307 578 2344 294
603 2308 841 2345 Praesectum
872 2309 948 2345 ΒΟ
971 2312 991 2353 (
1068 2321 1104 2344 n
1126 2310 1166 2354 1.)
1198 2308 1336 2344 Bland.
1361 2309 1386 2344 i.
1410 2307 1537 2355 QQ,

189 2356 398 2392 Perfectum
424 2356 597 2393 aK²Ra⁵
620 2357 727 2392 schol.
750 2359 784 2391 Γ
