<?xml version="1.0" encoding="UTF-8"?>
<!DOCTYPE html PUBLIC "-//W3C//DTD XHTML 1.0 Transitional//EN"
    "http://www.w3.org/TR/xhtml1/DTD/xhtml1-transitional.dtd">
<html xmlns="http://www.w3.org/1999/xhtml" xml:lang="en" lang="en">
 <head>
  <title>
</title>
<meta http-equiv="Content-Type" content="text/html;charset=utf-8" />
  <meta name='ocr-system' content='tesseract 3.04.00' />
  <meta name='ocr-capabilities' content='ocr_page ocr_carea ocr_par ocr_line ocrx_word'/>
</head>
<body>
  <div class='ocr_page' id='page_1' title='image "./carminah00horauoft_0283.png"; bbox 0 0 1586 2514; ppageno 0'>
   <div class='ocr_carea' id='block_1_1' title="bbox 573 77 1428 120">
    <p class='ocr_par' dir='ltr' id='par_1_1' title="bbox 573 77 1428 120">
     <span class='ocr_line' id='line_1_1' title="bbox 573 77 1428 120; baseline 0.002 -2"><span class='ocrx_word' id='word_1_1' title='bbox 573 80 718 118; x_wconf 78' lang='lat' dir='ltr'>EPIST.</span> <span class='ocrx_word' id='word_1_2' title='bbox 746 80 761 116; x_wconf 91' lang='lat'>1</span> <span class='ocrx_word' id='word_1_3' title='bbox 789 84 844 116; x_wconf 90' lang='lat'>11.</span> <span class='ocrx_word' id='word_1_4' title='bbox 867 84 921 116; x_wconf 78' lang='lat'>12.</span> <span class='ocrx_word' id='word_1_5' title='bbox 1343 77 1428 120; x_wconf 84' lang='lat'>271</span> 
     </span>
    </p>
   </div>
   <div class='ocr_carea' id='block_1_2' title="bbox 31 176 1319 419">
    <p class='ocr_par' dir='ltr' id='par_1_2' title="bbox 31 176 1319 419">
     <span class='ocr_line' id='line_1_2' title="bbox 31 176 1319 226; baseline -0.005 0"><span class='ocrx_word' id='word_1_6' title='bbox 31 181 34 184; x_wconf 68' lang='grc'>’</span> <span class='ocrx_word' id='word_1_7' title='bbox 75 182 242 226; x_wconf 86' lang='lat' dir='ltr'>Romae</span> <span class='ocrx_word' id='word_1_8' title='bbox 263 180 469 226; x_wconf 75' lang='lat' dir='ltr'><strong>laudetur</strong></span> <span class='ocrx_word' id='word_1_9' title='bbox 491 179 644 225; x_wconf 82' lang='lat' dir='ltr'>Samos</span> <span class='ocrx_word' id='word_1_10' title='bbox 665 185 710 223; x_wconf 93' lang='lat' dir='ltr'>et</span> <span class='ocrx_word' id='word_1_11' title='bbox 732 178 866 222; x_wconf 87' lang='lat' dir='ltr'>Chios</span> <span class='ocrx_word' id='word_1_12' title='bbox 888 183 931 221; x_wconf 91' lang='lat' dir='ltr'>et</span> <span class='ocrx_word' id='word_1_13' title='bbox 953 177 1132 220; x_wconf 84' lang='lat' dir='ltr'>Rhodos</span> <span class='ocrx_word' id='word_1_14' title='bbox 1154 176 1319 220; x_wconf 82' lang='lat' dir='ltr'>absens.</span> 
     </span>
     <span class='ocr_line' id='line_1_3' title="bbox 74 237 1237 299; baseline -0.006 -13"><span class='ocrx_word' id='word_1_15' title='bbox 74 246 124 285; x_wconf 84' lang='lat' dir='ltr'>tu</span> <span class='ocrx_word' id='word_1_16' title='bbox 156 255 475 299; x_wconf 76' lang='lat' dir='ltr'><strong>quamcumque</strong></span> <span class='ocrx_word' id='word_1_17' title='bbox 503 239 610 284; x_wconf 87' lang='lat' dir='ltr'>deus</span> <span class='ocrx_word' id='word_1_18' title='bbox 641 239 727 283; x_wconf 91' lang='lat' dir='ltr'>tibi</span> <span class='ocrx_word' id='word_1_19' title='bbox 759 237 1056 282; x_wconf 81' lang='lat' dir='ltr'>fortunaverit</span> <span class='ocrx_word' id='word_1_20' title='bbox 1087 237 1237 280; x_wconf 85' lang='lat' dir='ltr'>horam</span> 
     </span>
     <span class='ocr_line' id='line_1_4' title="bbox 73 297 1268 358; baseline -0.005 -14"><span class='ocrx_word' id='word_1_21' title='bbox 73 306 203 358; x_wconf 79' lang='lat' dir='ltr'>grata</span> <span class='ocrx_word' id='word_1_22' title='bbox 230 315 354 346; x_wconf 88' lang='lat' dir='ltr'>sume</span> <span class='ocrx_word' id='word_1_23' title='bbox 383 315 518 345; x_wconf 89' lang='lat' dir='ltr'>manu</span> <span class='ocrx_word' id='word_1_24' title='bbox 546 315 631 344; x_wconf 90' lang='lat' dir='ltr'>neu</span> <span class='ocrx_word' id='word_1_25' title='bbox 659 298 808 343; x_wconf 83' lang='lat' dir='ltr'>dulcia</span> <span class='ocrx_word' id='word_1_26' title='bbox 837 298 982 341; x_wconf 80' lang='lat' dir='ltr'>differ</span> <span class='ocrx_word' id='word_1_27' title='bbox 1011 297 1059 340; x_wconf 90' lang='lat' dir='ltr'>in</span> <span class='ocrx_word' id='word_1_28' title='bbox 1089 312 1268 348; x_wconf 87' lang='lat' dir='ltr'>annum,</span> 
     </span>
     <span class='ocr_line' id='line_1_5' title="bbox 75 357 1112 419; baseline -0.005 -14"><span class='ocrx_word' id='word_1_29' title='bbox 75 365 126 405; x_wconf 89' lang='lat' dir='ltr'>ut</span> <span class='ocrx_word' id='word_1_30' title='bbox 153 375 426 419; x_wconf 88' lang='lat' dir='ltr'>quocumque</span> <span class='ocrx_word' id='word_1_31' title='bbox 451 360 545 405; x_wconf 91' lang='lat' dir='ltr'>loco</span> <span class='ocrx_word' id='word_1_32' title='bbox 571 359 711 403; x_wconf 75' lang='lat' dir='ltr'>fueris</span> <span class='ocrx_word' id='word_1_33' title='bbox 736 358 898 402; x_wconf 86' lang='lat' dir='ltr'>vixisse</span> <span class='ocrx_word' id='word_1_34' title='bbox 924 357 1112 401; x_wconf 86' lang='lat' dir='ltr'>libenter</span> 
     </span>
    </p>
   </div>
   <div class='ocr_carea' id='block_1_3' title="bbox 0 417 1431 476">
    <p class='ocr_par' dir='ltr' id='par_1_3' title="bbox 0 417 1431 476">
     <span class='ocr_line' id='line_1_6' title="bbox 0 417 1431 476; baseline -0.005 -11"><span class='ocrx_word' id='word_1_35' title='bbox 0 421 1 444; x_wconf 67' lang='lat'><strong>³</strong></span> <span class='ocrx_word' id='word_1_36' title='bbox 71 425 116 464; x_wconf 88' lang='lat' dir='ltr'>te</span> <span class='ocrx_word' id='word_1_37' title='bbox 141 419 286 465; x_wconf 85' lang='lat' dir='ltr'>dicas:</span> <span class='ocrx_word' id='word_1_38' title='bbox 320 435 423 465; x_wconf 84' lang='lat' dir='ltr'>nam</span> <span class='ocrx_word' id='word_1_39' title='bbox 449 419 488 464; x_wconf 88' lang='lat' dir='ltr'>si</span> <span class='ocrx_word' id='word_1_40' title='bbox 514 419 630 464; x_wconf 89' lang='lat' dir='ltr'>ratio</span> <span class='ocrx_word' id='word_1_41' title='bbox 655 424 700 463; x_wconf 92' lang='lat' dir='ltr'>et</span> <span class='ocrx_word' id='word_1_42' title='bbox 726 417 962 476; x_wconf 90' lang='lat' dir='ltr'>prudentia</span> <span class='ocrx_word' id='word_1_43' title='bbox 990 432 1128 470; x_wconf 86' lang='lat' dir='ltr'>curas,</span> <span class='ocrx_word' id='word_1_44' title='bbox 1288 426 1291 429; x_wconf 84' lang='lat'>&#39;</span> <span class='ocrx_word' id='word_1_45' title='bbox 1395 430 1431 458; x_wconf 79' lang='lat'>25</span> 
     </span>
    </p>
   </div>
   <div class='ocr_carea' id='block_1_4' title="bbox 48 477 1433 774">
    <p class='ocr_par' dir='ltr' id='par_1_4' title="bbox 48 477 1106 530">
     <span class='ocr_line' id='line_1_7' title="bbox 48 477 1106 530; baseline -0.005 -5"><span class='ocrx_word' id='word_1_46' title='bbox 48 485 52 488; x_wconf 78' lang='grc'><strong>’</strong></span> <span class='ocrx_word' id='word_1_47' title='bbox 72 494 161 525; x_wconf 85' lang='grc'>11011</span> <span class='ocrx_word' id='word_1_48' title='bbox 181 479 301 525; x_wconf 88' lang='lat' dir='ltr'>locus</span> <span class='ocrx_word' id='word_1_49' title='bbox 323 479 466 525; x_wconf 74' lang='lat' dir='ltr'>effusi</span> <span class='ocrx_word' id='word_1_50' title='bbox 487 479 576 524; x_wconf 89' lang='lat' dir='ltr'>late</span> <span class='ocrx_word' id='word_1_51' title='bbox 598 478 734 523; x_wconf 87' lang='lat' dir='ltr'>maris</span> <span class='ocrx_word' id='word_1_52' title='bbox 755 478 920 522; x_wconf 82' lang='lat' dir='ltr'>arbiter</span> <span class='ocrx_word' id='word_1_53' title='bbox 943 477 1106 530; x_wconf 80' lang='lat' dir='ltr'>aufert,</span> 
     </span>
    </p>

    <p class='ocr_par' dir='ltr' id='par_1_5' title="bbox 72 538 1377 655">
     <span class='ocr_line' id='line_1_8' title="bbox 72 538 1377 596; baseline -0.005 -11"><span class='ocrx_word' id='word_1_54' title='bbox 72 538 255 593; x_wconf 86' lang='lat' dir='ltr'>caelum,</span> <span class='ocrx_word' id='word_1_55' title='bbox 274 555 363 585; x_wconf 89' lang='lat' dir='ltr'>non</span> <span class='ocrx_word' id='word_1_56' title='bbox 381 539 580 584; x_wconf 86' lang='lat' dir='ltr'>animum</span> <span class='ocrx_word' id='word_1_57' title='bbox 598 544 786 591; x_wconf 86' lang='lat' dir='ltr'>mutant,</span> <span class='ocrx_word' id='word_1_58' title='bbox 807 538 885 596; x_wconf 92' lang='lat' dir='ltr'>qui</span> <span class='ocrx_word' id='word_1_59' title='bbox 904 543 1025 582; x_wconf 88' lang='lat' dir='ltr'>trans</span> <span class='ocrx_word' id='word_1_60' title='bbox 1046 552 1164 581; x_wconf 88' lang='lat' dir='ltr'>mare</span> <span class='ocrx_word' id='word_1_61' title='bbox 1183 541 1377 580; x_wconf 89' lang='lat' dir='ltr'>currunt.</span> 
     </span>
     <span class='ocr_line' id='line_1_9' title="bbox 75 598 1126 655; baseline -0.003 -11"><span class='ocrx_word' id='word_1_62' title='bbox 75 605 252 645; x_wconf 84' lang='lat' dir='ltr'>strenua</span> <span class='ocrx_word' id='word_1_63' title='bbox 274 615 353 645; x_wconf 90' lang='lat' dir='ltr'>nos</span> <span class='ocrx_word' id='word_1_64' title='bbox 375 604 545 644; x_wconf 78' lang='lat' dir='ltr'>exercet</span> <span class='ocrx_word' id='word_1_65' title='bbox 566 598 754 644; x_wconf 86' lang='lat' dir='ltr'>inertia:</span> <span class='ocrx_word' id='word_1_66' title='bbox 786 598 971 642; x_wconf 90' lang='lat' dir='ltr'>navibus</span> <span class='ocrx_word' id='word_1_67' title='bbox 994 603 1126 655; x_wconf 86' lang='lat' dir='ltr'>atque</span> 
     </span>
    </p>

    <p class='ocr_par' dir='ltr' id='par_1_6' title="bbox 72 655 1433 774">
     <span class='ocr_line' id='line_1_10' title="bbox 72 655 1378 718; baseline -0.003 -14"><span class='ocrx_word' id='word_1_68' title='bbox 72 659 304 718; x_wconf 76' lang='lat' dir='ltr'><strong>quadrigis</strong></span> <span class='ocrx_word' id='word_1_69' title='bbox 332 659 524 718; x_wconf 84' lang='lat' dir='ltr'>petimus</span> <span class='ocrx_word' id='word_1_70' title='bbox 554 658 663 703; x_wconf 92' lang='lat' dir='ltr'>bene</span> <span class='ocrx_word' id='word_1_71' title='bbox 690 658 847 702; x_wconf 86' lang='lat' dir='ltr'>vivere.</span> <span class='ocrx_word' id='word_1_72' title='bbox 888 657 1006 715; x_wconf 92' lang='lat' dir='ltr'>quod</span> <span class='ocrx_word' id='word_1_73' title='bbox 1037 656 1166 715; x_wconf 88' lang='lat' dir='ltr'>petis,</span> <span class='ocrx_word' id='word_1_74' title='bbox 1200 655 1270 700; x_wconf 92' lang='lat' dir='ltr'>hic</span> <span class='ocrx_word' id='word_1_75' title='bbox 1300 662 1378 708; x_wconf 91' lang='lat' dir='ltr'>est,</span> 
     </span>
     <span class='ocr_line' id='line_1_11' title="bbox 72 717 1433 774; baseline -0.004 -11"><span class='ocrx_word' id='word_1_76' title='bbox 72 724 138 763; x_wconf 88' lang='lat' dir='ltr'>est</span> <span class='ocrx_word' id='word_1_77' title='bbox 163 719 359 772; x_wconf 90' lang='lat' dir='ltr'>Vlubris,</span> <span class='ocrx_word' id='word_1_78' title='bbox 389 719 564 764; x_wconf 81' lang='lat' dir='ltr'>animus</span> <span class='ocrx_word' id='word_1_79' title='bbox 589 718 627 763; x_wconf 90' lang='lat' dir='ltr'>si</span> <span class='ocrx_word' id='word_1_80' title='bbox 655 724 699 762; x_wconf 93' lang='lat' dir='ltr'>te</span> <span class='ocrx_word' id='word_1_81' title='bbox 727 733 815 762; x_wconf 91' lang='lat' dir='ltr'>non</span> <span class='ocrx_word' id='word_1_82' title='bbox 843 717 1003 762; x_wconf 79' lang='lat' dir='ltr'>deficit</span> <span class='ocrx_word' id='word_1_83' title='bbox 1030 732 1202 774; x_wconf 89' lang='lat' dir='ltr'>aequos.</span> <span class='ocrx_word' id='word_1_84' title='bbox 1395 731 1433 758; x_wconf 81' lang='lat'>30</span> 
     </span>
    </p>
   </div>
   <div class='ocr_carea' id='block_1_5' title="bbox 635 817 872 825">
    <p class='ocr_par' dir='ltr' id='par_1_7' title="bbox 635 817 872 825">
     <span class='ocr_line' id='line_1_12' title="bbox 635 817 872 825; baseline 0 1689"><span class='ocrx_word' id='word_1_85' title='bbox 635 817 872 825; x_wconf 95' lang='lat' dir='ltr'> </span> 
     </span>
    </p>
   </div>
   <div class='ocr_carea' id='block_1_6' title="bbox 73 886 1270 1028">
    <p class='ocr_par' dir='ltr' id='par_1_8' title="bbox 73 886 1270 1028">
     <span class='ocr_line' id='line_1_13' title="bbox 691 886 808 929; baseline 0 0"><span class='ocrx_word' id='word_1_86' title='bbox 691 886 808 929; x_wconf 93' lang='lat' dir='ltr'>XII.</span> 
     </span>
     <span class='ocr_line' id='line_1_14' title="bbox 73 967 1270 1028; baseline -0.003 -14"><span class='ocrx_word' id='word_1_87' title='bbox 73 969 315 1014; x_wconf 78' lang='lat' dir='ltr'>Fructibus</span> <span class='ocrx_word' id='word_1_88' title='bbox 343 969 574 1028; x_wconf 78' lang='lat' dir='ltr'>Agrippae</span> <span class='ocrx_word' id='word_1_89' title='bbox 603 968 780 1022; x_wconf 85' lang='lat' dir='ltr'>Siculis,</span> <span class='ocrx_word' id='word_1_90' title='bbox 811 984 920 1026; x_wconf 86' lang='lat' dir='ltr'>quos</span> <span class='ocrx_word' id='word_1_91' title='bbox 946 967 1134 1025; x_wconf 84' lang='lat' dir='ltr'>colligis,</span> <span class='ocrx_word' id='word_1_92' title='bbox 1169 967 1270 1019; x_wconf 83' lang='lat' dir='ltr'>Ioci,</span> 
     </span>
    </p>
   </div>
   <div class='ocr_carea' id='block_1_7' title="bbox 3 1028 1016 1086">
    <p class='ocr_par' dir='ltr' id='par_1_9' title="bbox 3 1028 1016 1086">
     <span class='ocr_line' id='line_1_15' title="bbox 3 1028 1016 1086; baseline -0.002 -13"><span class='ocrx_word' id='word_1_93' title='bbox 3 1071 5 1073; x_wconf 87' lang='lat'>.</span> <span class='ocrx_word' id='word_1_94' title='bbox 72 1029 112 1074; x_wconf 90' lang='lat' dir='ltr'>si</span> <span class='ocrx_word' id='word_1_95' title='bbox 131 1035 247 1073; x_wconf 89' lang='lat' dir='ltr'>recte</span> <span class='ocrx_word' id='word_1_96' title='bbox 266 1029 445 1082; x_wconf 82' lang='lat' dir='ltr'>frueris,</span> <span class='ocrx_word' id='word_1_97' title='bbox 466 1044 555 1074; x_wconf 84' lang='lat' dir='ltr'>non</span> <span class='ocrx_word' id='word_1_98' title='bbox 573 1034 639 1073; x_wconf 90' lang='lat' dir='ltr'>est</span> <span class='ocrx_word' id='word_1_99' title='bbox 658 1035 709 1073; x_wconf 91' lang='lat' dir='ltr'>ut</span> <span class='ocrx_word' id='word_1_100' title='bbox 729 1029 856 1086; x_wconf 89' lang='lat' dir='ltr'>copia</span> <span class='ocrx_word' id='word_1_101' title='bbox 875 1028 1016 1072; x_wconf 90' lang='lat' dir='ltr'>maior</span> 
     </span>
    </p>
   </div>
   <div class='ocr_carea' id='block_1_8' title="bbox 72 1087 1436 1922">
    <p class='ocr_par' dir='ltr' id='par_1_10' title="bbox 73 1087 1172 1147">
     <span class='ocr_line' id='line_1_16' title="bbox 73 1087 1172 1147; baseline -0.003 -14"><span class='ocrx_word' id='word_1_102' title='bbox 73 1089 130 1133; x_wconf 92' lang='lat' dir='ltr'>ab</span> <span class='ocrx_word' id='word_1_103' title='bbox 162 1089 266 1133; x_wconf 90' lang='lat' dir='ltr'>Iove</span> <span class='ocrx_word' id='word_1_104' title='bbox 296 1089 453 1134; x_wconf 85' lang='lat' dir='ltr'>donari</span> <span class='ocrx_word' id='word_1_105' title='bbox 483 1089 624 1147; x_wconf 87' lang='lat' dir='ltr'>possit</span> <span class='ocrx_word' id='word_1_106' title='bbox 654 1088 753 1133; x_wconf 87' lang='lat' dir='ltr'>tibi.</span> <span class='ocrx_word' id='word_1_107' title='bbox 796 1088 903 1132; x_wconf 91' lang='lat' dir='ltr'>tolle</span> <span class='ocrx_word' id='word_1_108' title='bbox 934 1087 1172 1145; x_wconf 88' lang='lat' dir='ltr'>querellas;</span> 
     </span>
    </p>

    <p class='ocr_par' dir='ltr' id='par_1_11' title="bbox 73 1147 1267 1207">
     <span class='ocr_line' id='line_1_17' title="bbox 73 1147 1267 1207; baseline -0.003 -14"><span class='ocrx_word' id='word_1_109' title='bbox 73 1163 241 1207; x_wconf 86' lang='lat' dir='ltr'>pauper</span> <span class='ocrx_word' id='word_1_110' title='bbox 270 1148 390 1193; x_wconf 87' lang='lat' dir='ltr'>enim</span> <span class='ocrx_word' id='word_1_111' title='bbox 419 1163 508 1193; x_wconf 90' lang='lat' dir='ltr'>non</span> <span class='ocrx_word' id='word_1_112' title='bbox 536 1154 614 1202; x_wconf 86' lang='lat' dir='ltr'>eet,</span> <span class='ocrx_word' id='word_1_113' title='bbox 645 1148 718 1193; x_wconf 92' lang='lat' dir='ltr'>cui</span> <span class='ocrx_word' id='word_1_114' title='bbox 749 1163 894 1192; x_wconf 91' lang='lat' dir='ltr'>rerum</span> <span class='ocrx_word' id='word_1_115' title='bbox 926 1147 1122 1205; x_wconf 79' lang='lat' dir='ltr'>suppetit</span> <span class='ocrx_word' id='word_1_116' title='bbox 1153 1162 1267 1190; x_wconf 85' lang='lat' dir='ltr'>usus</span> 
     </span>
    </p>

    <p class='ocr_par' dir='ltr' id='par_1_12' title="bbox 73 1206 1434 1326">
     <span class='ocr_line' id='line_1_18' title="bbox 73 1206 1434 1275; baseline -0.004 -22"><span class='ocrx_word' id='word_1_117' title='bbox 73 1208 112 1253; x_wconf 86' lang='lat' dir='ltr'>si</span> <span class='ocrx_word' id='word_1_118' title='bbox 141 1208 287 1253; x_wconf 86' lang='lat' dir='ltr'>ventri</span> <span class='ocrx_word' id='word_1_119' title='bbox 318 1208 440 1262; x_wconf 88' lang='lat' dir='ltr'>bene,</span> <span class='ocrx_word' id='word_1_120' title='bbox 471 1208 509 1253; x_wconf 85' lang='lat' dir='ltr'>si</span> <span class='ocrx_word' id='word_1_121' title='bbox 539 1207 669 1252; x_wconf 87' lang='lat' dir='ltr'>lateri</span> <span class='ocrx_word' id='word_1_122' title='bbox 700 1214 765 1252; x_wconf 88' lang='lat' dir='ltr'>est</span> <span class='ocrx_word' id='word_1_123' title='bbox 796 1206 1066 1275; x_wconf 86' lang='lat' dir='ltr'>pedibusque</span> <span class='ocrx_word' id='word_1_124' title='bbox 1099 1206 1202 1260; x_wconf 87' lang='lat' dir='ltr'>tuis,</span> <span class='ocrx_word' id='word_1_125' title='bbox 1237 1206 1302 1250; x_wconf 93' lang='lat' dir='ltr'>nil</span> <span class='ocrx_word' id='word_1_126' title='bbox 1416 1222 1434 1248; x_wconf 89' lang='lat'><strong>5</strong></span> 
     </span>
     <span class='ocr_line' id='line_1_19' title="bbox 73 1267 1045 1337; baseline -0.002 -25"><span class='ocrx_word' id='word_1_127' title='bbox 73 1267 259 1312; x_wconf 82' lang='lat' dir='ltr'>divitiae</span> <span class='ocrx_word' id='word_1_128' title='bbox 282 1273 492 1337; x_wconf 86' lang='lat' dir='ltr'>poterunt</span> <span class='ocrx_word' id='word_1_129' title='bbox 514 1267 681 1326; x_wconf 85' lang='lat' dir='ltr'>regales</span> <span class='ocrx_word' id='word_1_130' title='bbox 705 1267 864 1312; x_wconf 80' lang='lat' dir='ltr'>addere</span> <span class='ocrx_word' id='word_1_131' title='bbox 890 1267 1045 1311; x_wconf 87' lang='lat' dir='ltr'>maius.</span> 
     </span>
    </p>

    <p class='ocr_par' dir='ltr' id='par_1_13' title="bbox 72 1324 1234 1386">
     <span class='ocr_line' id='line_1_20' title="bbox 72 1324 1234 1386; baseline -0.002 -14"><span class='ocrx_word' id='word_1_132' title='bbox 72 1328 112 1372; x_wconf 86' lang='lat' dir='ltr'>si</span> <span class='ocrx_word' id='word_1_133' title='bbox 141 1327 261 1372; x_wconf 78' lang='lat' dir='ltr'>forte</span> <span class='ocrx_word' id='word_1_134' title='bbox 290 1328 341 1373; x_wconf 92' lang='grc'>111</span> <span class='ocrx_word' id='word_1_135' title='bbox 369 1327 515 1372; x_wconf 88' lang='lat' dir='ltr'>medio</span> <span class='ocrx_word' id='word_1_136' title='bbox 542 1327 788 1386; x_wconf 88' lang='lat' dir='ltr'>positorum</span> <span class='ocrx_word' id='word_1_137' title='bbox 818 1324 1056 1371; x_wconf 86' lang='lat' dir='ltr'>abstemius</span> <span class='ocrx_word' id='word_1_138' title='bbox 1088 1325 1234 1370; x_wconf 88' lang='lat' dir='ltr'>herbis</span> 
     </span>
    </p>

    <p class='ocr_par' dir='ltr' id='par_1_14' title="bbox 72 1386 1062 1455">
     <span class='ocr_line' id='line_1_21' title="bbox 72 1386 1062 1455; baseline -0.002 -23"><span class='ocrx_word' id='word_1_139' title='bbox 72 1387 186 1432; x_wconf 86' lang='lat' dir='ltr'>vivis</span> <span class='ocrx_word' id='word_1_140' title='bbox 210 1393 256 1432; x_wconf 91' lang='lat' dir='ltr'>et</span> <span class='ocrx_word' id='word_1_141' title='bbox 282 1387 438 1441; x_wconf 87' lang='lat' dir='ltr'>urtica,</span> <span class='ocrx_word' id='word_1_142' title='bbox 465 1387 527 1432; x_wconf 88' lang='lat' dir='ltr'>sic</span> <span class='ocrx_word' id='word_1_143' title='bbox 551 1387 672 1432; x_wconf 84' lang='lat' dir='ltr'>vives</span> <span class='ocrx_word' id='word_1_144' title='bbox 696 1386 912 1455; x_wconf 78' lang='lat' dir='ltr'>protinus,</span> <span class='ocrx_word' id='word_1_145' title='bbox 942 1393 993 1431; x_wconf 87' lang='lat' dir='ltr'>ut</span> <span class='ocrx_word' id='word_1_146' title='bbox 1019 1392 1062 1430; x_wconf 90' lang='lat' dir='ltr'>te</span> 
     </span>
    </p>

    <p class='ocr_par' dir='ltr' id='par_1_15' title="bbox 78 1446 1161 1505">
     <span class='ocr_line' id='line_1_22' title="bbox 78 1446 1161 1505; baseline -0.003 -13"><span class='ocrx_word' id='word_1_147' title='bbox 78 1447 314 1492; x_wconf 75' lang='lat' dir='ltr'>confestim</span> <span class='ocrx_word' id='word_1_148' title='bbox 342 1447 540 1505; x_wconf 91' lang='lat' dir='ltr'>liquidus</span> <span class='ocrx_word' id='word_1_149' title='bbox 569 1447 795 1491; x_wconf 83' lang='lat' dir='ltr'>Fortunae</span> <span class='ocrx_word' id='word_1_150' title='bbox 826 1446 942 1491; x_wconf 88' lang='lat' dir='ltr'>rivos</span> <span class='ocrx_word' id='word_1_151' title='bbox 973 1447 1161 1498; x_wconf 88' lang='lat' dir='ltr'>inauret,</span> 
     </span>
    </p>

    <p class='ocr_par' dir='ltr' id='par_1_16' title="bbox 73 1507 1436 1625">
     <span class='ocr_line' id='line_1_23' title="bbox 73 1507 1436 1565; baseline -0.003 -14"><span class='ocrx_word' id='word_1_152' title='bbox 73 1507 144 1551; x_wconf 85' lang='lat' dir='ltr'>vel</span> <span class='ocrx_word' id='word_1_153' title='bbox 168 1507 276 1565; x_wconf 91' lang='lat' dir='ltr'>quia</span> <span class='ocrx_word' id='word_1_154' title='bbox 302 1512 506 1552; x_wconf 86' lang='lat' dir='ltr'>naturam</span> <span class='ocrx_word' id='word_1_155' title='bbox 533 1513 705 1552; x_wconf 91' lang='lat' dir='ltr'>mutare</span> <span class='ocrx_word' id='word_1_156' title='bbox 730 1507 916 1564; x_wconf 89' lang='lat' dir='ltr'>pecunia</span> <span class='ocrx_word' id='word_1_157' title='bbox 943 1507 1080 1550; x_wconf 91' lang='lat' dir='ltr'>nescit</span> <span class='ocrx_word' id='word_1_158' title='bbox 1402 1521 1436 1547; x_wconf 92' lang='lat'>10</span> 
     </span>
     <span class='ocr_line' id='line_1_24' title="bbox 73 1567 1120 1625; baseline -0.001 -14"><span class='ocrx_word' id='word_1_159' title='bbox 73 1567 143 1611; x_wconf 90' lang='lat' dir='ltr'>vel</span> <span class='ocrx_word' id='word_1_160' title='bbox 166 1567 274 1624; x_wconf 88' lang='lat' dir='ltr'>quia</span> <span class='ocrx_word' id='word_1_161' title='bbox 298 1572 455 1612; x_wconf 90' lang='lat' dir='ltr'>cuncta</span> <span class='ocrx_word' id='word_1_162' title='bbox 477 1573 607 1625; x_wconf 83' lang='lat' dir='ltr'>putas</span> <span class='ocrx_word' id='word_1_163' title='bbox 632 1583 719 1611; x_wconf 90' lang='lat' dir='ltr'>una</span> <span class='ocrx_word' id='word_1_164' title='bbox 745 1567 909 1611; x_wconf 89' lang='lat' dir='ltr'>virtute</span> <span class='ocrx_word' id='word_1_165' title='bbox 936 1567 1120 1610; x_wconf 89' lang='lat' dir='ltr'>minora.</span> 
     </span>
    </p>

    <p class='ocr_par' dir='ltr' id='par_1_17' title="bbox 75 1626 1115 1695">
     <span class='ocr_line' id='line_1_25' title="bbox 75 1626 1115 1695; baseline -0.002 -24"><span class='ocrx_word' id='word_1_166' title='bbox 75 1627 302 1680; x_wconf 82' lang='lat' dir='ltr'>miramur,</span> <span class='ocrx_word' id='word_1_167' title='bbox 329 1626 370 1671; x_wconf 92' lang='lat' dir='ltr'>si</span> <span class='ocrx_word' id='word_1_168' title='bbox 398 1626 643 1671; x_wconf 88' lang='lat' dir='ltr'>Democriti</span> <span class='ocrx_word' id='word_1_169' title='bbox 671 1642 803 1695; x_wconf 75' lang='lat' dir='ltr'>pecus</span> <span class='ocrx_word' id='word_1_170' title='bbox 830 1626 924 1670; x_wconf 88' lang='lat' dir='ltr'>edit</span> <span class='ocrx_word' id='word_1_171' title='bbox 950 1626 1115 1684; x_wconf 84' lang='lat' dir='ltr'>agellos</span> 
     </span>
    </p>

    <p class='ocr_par' dir='ltr' id='par_1_18' title="bbox 75 1684 1383 1802">
     <span class='ocr_line' id='line_1_26' title="bbox 75 1684 1383 1744; baseline -0.002 -14"><span class='ocrx_word' id='word_1_172' title='bbox 75 1686 292 1743; x_wconf 87' lang='lat' dir='ltr'>cultaque,</span> <span class='ocrx_word' id='word_1_173' title='bbox 311 1686 420 1730; x_wconf 92' lang='lat' dir='ltr'>dum</span> <span class='ocrx_word' id='word_1_174' title='bbox 438 1701 617 1744; x_wconf 85' lang='lat' dir='ltr'>peregre</span> <span class='ocrx_word' id='word_1_175' title='bbox 636 1692 702 1730; x_wconf 88' lang='lat' dir='ltr'>est</span> <span class='ocrx_word' id='word_1_176' title='bbox 720 1686 894 1730; x_wconf 87' lang='lat' dir='ltr'>animus</span> <span class='ocrx_word' id='word_1_177' title='bbox 911 1686 1006 1729; x_wconf 89' lang='lat' dir='ltr'>sine</span> <span class='ocrx_word' id='word_1_178' title='bbox 1027 1700 1203 1742; x_wconf 87' lang='lat' dir='ltr'>corpore</span> <span class='ocrx_word' id='word_1_179' title='bbox 1222 1684 1346 1727; x_wconf 84' lang='lat' dir='ltr'>velox</span> <span class='ocrx_word' id='word_1_180' title='bbox 1365 1685 1383 1725; x_wconf 87' lang='lat'>?</span> 
     </span>
     <span class='ocr_line' id='line_1_27' title="bbox 77 1744 1210 1802; baseline -0.002 -13"><span class='ocrx_word' id='word_1_181' title='bbox 77 1761 177 1790; x_wconf 93' lang='lat' dir='ltr'>cum</span> <span class='ocrx_word' id='word_1_182' title='bbox 198 1751 248 1790; x_wconf 93' lang='lat' dir='ltr'>tu</span> <span class='ocrx_word' id='word_1_183' title='bbox 269 1745 386 1790; x_wconf 91' lang='lat' dir='ltr'>inter</span> <span class='ocrx_word' id='word_1_184' title='bbox 406 1744 594 1790; x_wconf 87' lang='lat' dir='ltr'>scabiem</span> <span class='ocrx_word' id='word_1_185' title='bbox 618 1751 788 1790; x_wconf 86' lang='lat' dir='ltr'>tantam</span> <span class='ocrx_word' id='word_1_186' title='bbox 810 1751 854 1790; x_wconf 89' lang='lat' dir='ltr'>et</span> <span class='ocrx_word' id='word_1_187' title='bbox 874 1745 1078 1802; x_wconf 85' lang='lat' dir='ltr'>contagia</span> <span class='ocrx_word' id='word_1_188' title='bbox 1100 1744 1210 1788; x_wconf 88' lang='lat' dir='ltr'>lucri</span> 
     </span>
    </p>

    <p class='ocr_par' dir='ltr' id='par_1_19' title="bbox 75 1805 1435 1922">
     <span class='ocr_line' id='line_1_28' title="bbox 75 1805 1435 1863; baseline -0.001 -15"><span class='ocrx_word' id='word_1_189' title='bbox 75 1805 142 1849; x_wconf 90' lang='lat' dir='ltr'>nil</span> <span class='ocrx_word' id='word_1_190' title='bbox 169 1820 350 1862; x_wconf 89' lang='lat' dir='ltr'>parvom</span> <span class='ocrx_word' id='word_1_191' title='bbox 376 1805 523 1863; x_wconf 86' lang='lat' dir='ltr'>sapias</span> <span class='ocrx_word' id='word_1_192' title='bbox 549 1811 595 1849; x_wconf 90' lang='lat' dir='ltr'>et</span> <span class='ocrx_word' id='word_1_193' title='bbox 622 1805 764 1850; x_wconf 92' lang='lat' dir='ltr'>adhuc</span> <span class='ocrx_word' id='word_1_194' title='bbox 793 1805 1002 1849; x_wconf 86' lang='lat' dir='ltr'>sublimia</span> <span class='ocrx_word' id='word_1_195' title='bbox 1032 1820 1177 1848; x_wconf 87' lang='lat' dir='ltr'>cures:</span> <span class='ocrx_word' id='word_1_196' title='bbox 1403 1821 1435 1847; x_wconf 79' lang='lat'>15</span> 
     </span>
     <span class='ocr_line' id='line_1_29' title="bbox 76 1865 1383 1922; baseline -0.001 -14"><span class='ocrx_word' id='word_1_197' title='bbox 76 1880 188 1922; x_wconf 89' lang='lat' dir='ltr'>quae</span> <span class='ocrx_word' id='word_1_198' title='bbox 213 1880 332 1909; x_wconf 86' lang='lat' dir='ltr'>mare</span> <span class='ocrx_word' id='word_1_199' title='bbox 357 1870 615 1922; x_wconf 84' lang='lat' dir='ltr'>conpescant</span> <span class='ocrx_word' id='word_1_200' title='bbox 637 1881 804 1917; x_wconf 89' lang='lat' dir='ltr'>causae,</span> <span class='ocrx_word' id='word_1_201' title='bbox 831 1865 941 1922; x_wconf 90' lang='lat' dir='ltr'>quid</span> <span class='ocrx_word' id='word_1_202' title='bbox 968 1870 1179 1921; x_wconf 88' lang='lat' dir='ltr'>temperet</span> <span class='ocrx_word' id='word_1_203' title='bbox 1206 1880 1383 1917; x_wconf 85' lang='lat' dir='ltr'>annum,</span> 
     </span>
    </p>
   </div>
   <div class='ocr_carea' id='block_1_9' title="bbox 170 1971 676 2020">
    <p class='ocr_par' dir='ltr' id='par_1_20' title="bbox 170 1971 676 2020">
     <span class='ocr_line' id='line_1_30' title="bbox 170 1971 676 2020; baseline 0.002 -13"><span class='ocrx_word' id='word_1_204' title='bbox 170 1971 405 2019; x_wconf 57' lang='lat' dir='ltr'>&amp;amn</span> <span class='ocrx_word' id='word_1_205' title='bbox 497 1971 676 2020; x_wconf 62' lang='grc' dir='ltr'>(ῷαιφ</span> 
     </span>
    </p>
   </div>
   <div class='ocr_carea' id='block_1_10' title="bbox 74 2066 1442 2403">
    <p class='ocr_par' dir='ltr' id='par_1_21' title="bbox 78 2066 1442 2163">
     <span class='ocr_line' id='line_1_31' title="bbox 172 2066 1440 2114; baseline 0 -12"><span class='ocrx_word' id='word_1_206' title='bbox 172 2066 283 2113; x_wconf 65' lang='grc'>2211</span> <span class='ocrx_word' id='word_1_207' title='bbox 257 2078 532 2114; x_wconf 84' lang='lat' dir='ltr'>quamcumque</span> <span class='ocrx_word' id='word_1_208' title='bbox 559 2089 603 2094; x_wconf 98' lang='lat'><strong>—</strong></span> <span class='ocrx_word' id='word_1_209' title='bbox 630 2078 745 2103; x_wconf 85' lang='lat' dir='ltr'>manu</span> <span class='ocrx_word' id='word_1_210' title='bbox 779 2068 821 2104; x_wconf 88' lang='lat' dir='ltr'>ob</span> <span class='ocrx_word' id='word_1_211' title='bbox 847 2067 1064 2103; x_wconf 77' lang='lat' dir='ltr'>sententiam</span> <span class='ocrx_word' id='word_1_212' title='bbox 1097 2067 1205 2103; x_wconf 80' lang='lat' dir='ltr'>schol.</span> <span class='ocrx_word' id='word_1_213' title='bbox 1233 2068 1377 2103; x_wconf 71' lang='lat' dir='ltr'>Lucan.</span> <span class='ocrx_word' id='word_1_214' title='bbox 1405 2070 1440 2103; x_wconf 74' lang='lat'>2.</span> 
     </span>
     <span class='ocr_line' id='line_1_32' title="bbox 78 2113 1442 2163; baseline -0.001 -12"><span class='ocrx_word' id='word_1_215' title='bbox 78 2118 150 2152; x_wconf 83' lang='lat'>651</span> <span class='ocrx_word' id='word_1_216' title='bbox 260 2113 312 2151; x_wconf 77' lang='lat'>24</span> <span class='ocrx_word' id='word_1_217' title='bbox 336 2114 388 2151; x_wconf 78' lang='lat' dir='ltr'>Vt</span> <span class='ocrx_word' id='word_1_218' title='bbox 411 2116 477 2163; x_wconf 69' lang='lat' dir='ltr'>(D</span> <span class='ocrx_word' id='word_1_219' title='bbox 502 2115 559 2151; x_wconf 78' lang='lat' dir='ltr'>Tu</span> <span class='ocrx_word' id='word_1_220' title='bbox 582 2115 634 2163; x_wconf 99' lang='lat' dir='ltr'><em>Q</em></span> <span class='ocrx_word' id='word_1_221' title='bbox 660 2115 798 2152; x_wconf 76' lang='lat' dir='ltr'>Bland.</span> <span class='ocrx_word' id='word_1_222' title='bbox 917 2114 969 2150; x_wconf 83' lang='grc'>26</span> <span class='ocrx_word' id='word_1_223' title='bbox 994 2116 1038 2152; x_wconf 87' lang='lat' dir='ltr'>ob</span> <span class='ocrx_word' id='word_1_224' title='bbox 1062 2117 1279 2152; x_wconf 74' lang='lat' dir='ltr'>sententiam</span> <span class='ocrx_word' id='word_1_225' title='bbox 1305 2116 1442 2162; x_wconf 77' lang='lat' dir='ltr'>(mutat</span> 
     </span>
    </p>

    <p class='ocr_par' dir='ltr' id='par_1_22' title="bbox 137 2163 988 2210">
     <span class='ocr_line' id='line_1_33' title="bbox 137 2163 988 2210; baseline 0.001 -12.034"><span class='ocrx_word' id='word_1_226' title='bbox 137 2163 295 2207; x_wconf 87' lang='lat' dir='ltr'>.currit)</span> <span class='ocrx_word' id='word_1_227' title='bbox 320 2163 427 2201; x_wconf 76' lang='lat' dir='ltr'>Hier.</span> <span class='ocrx_word' id='word_1_228' title='bbox 448 2165 550 2210; x_wconf 81' lang='lat' dir='ltr'>epist.</span> <span class='ocrx_word' id='word_1_229' title='bbox 570 2167 630 2208; x_wconf 85' lang='lat'>16,</span> <span class='ocrx_word' id='word_1_230' title='bbox 649 2166 675 2201; x_wconf 85' lang='lat'><strong><em>2</em></strong></span> <span class='ocrx_word' id='word_1_231' title='bbox 694 2175 733 2209; x_wconf 81' lang='lat' dir='ltr'>p.</span> <span class='ocrx_word' id='word_1_232' title='bbox 755 2165 830 2199; x_wconf 87' lang='lat'>358</span> <span class='ocrx_word' id='word_1_233' title='bbox 857 2163 988 2210; x_wconf 74' lang='lat' dir='ltr'>Miyne</span> 
     </span>
    </p>

    <p class='ocr_par' dir='ltr' id='par_1_23' title="bbox 74 2209 1442 2403">
     <span class='ocr_line' id='line_1_34' title="bbox 175 2209 1440 2258; baseline 0 -12"><span class='ocrx_word' id='word_1_234' title='bbox 175 2209 242 2258; x_wconf 88' lang='grc'>12,</span> <span class='ocrx_word' id='word_1_235' title='bbox 261 2209 286 2246; x_wconf 88' lang='grc'>8</span> <span class='ocrx_word' id='word_1_236' title='bbox 311 2212 425 2247; x_wconf 83' lang='lat' dir='ltr'>ut—</span> <span class='ocrx_word' id='word_1_237' title='bbox 451 2211 599 2248; x_wconf 86' lang='lat' dir='ltr'>inaures</span> <span class='ocrx_word' id='word_1_238' title='bbox 625 2211 668 2248; x_wconf 89' lang='lat' dir='ltr'>ob</span> <span class='ocrx_word' id='word_1_239' title='bbox 694 2211 870 2248; x_wconf 85' lang='lat' dir='ltr'>inaurare</span> <span class='ocrx_word' id='word_1_240' title='bbox 896 2213 1055 2258; x_wconf 78' lang='lat' dir='ltr'>Eutych.</span> <span class='ocrx_word' id='word_1_241' title='bbox 1074 2223 1226 2258; x_wconf 77' lang='lat' dir='ltr'>yramm.</span> <span class='ocrx_word' id='word_1_242' title='bbox 1248 2212 1282 2246; x_wconf 94' lang='lat' dir='ltr'><em>V</em></span> <span class='ocrx_word' id='word_1_243' title='bbox 1298 2214 1380 2256; x_wconf 81' lang='lat'>461,</span> <span class='ocrx_word' id='word_1_244' title='bbox 1396 2215 1440 2246; x_wconf 83' lang='lat'>15</span> 
     </span>
     <span class='ocr_line' id='line_1_35' title="bbox 74 2234 1442 2308; baseline -0.001 -13"><span class='ocrx_word' id='word_1_245' title='bbox 74 2258 100 2295; x_wconf 76' lang='grc'>9</span> <span class='ocrx_word' id='word_1_246' title='bbox 124 2234 294 2304; x_wconf 72' lang='lat' dir='ltr'>liquidus</span> <span class='ocrx_word' id='word_1_247' title='bbox 318 2259 367 2306; x_wconf 68' lang='lat' dir='ltr'>Q)</span> <span class='ocrx_word' id='word_1_248' title='bbox 384 2259 452 2308; x_wconf 85' lang='lat' dir='ltr'>Q,</span> <span class='ocrx_word' id='word_1_249' title='bbox 484 2259 612 2306; x_wconf 83' lang='lat' dir='ltr'>largus</span> <span class='ocrx_word' id='word_1_250' title='bbox 646 2260 840 2306; x_wconf 75' lang='lat' dir='ltr'>(Eutyck.)</span> <span class='ocrx_word' id='word_1_251' title='bbox 987 2260 1160 2295; x_wconf 84' lang='lat' dir='ltr'>fortunae</span> <span class='ocrx_word' id='word_1_252' title='bbox 1192 2259 1295 2294; x_wconf 89' lang='lat' dir='ltr'>riuus</span> <span class='ocrx_word' id='word_1_253' title='bbox 1320 2259 1369 2305; x_wconf 70' lang='lat' dir='ltr'>(D</span> <span class='ocrx_word' id='word_1_254' title='bbox 1391 2258 1442 2305; x_wconf 93' lang='lat' dir='ltr'><em>Q</em></span> 
     </span>
     <span class='ocr_line' id='line_1_36' title="bbox 76 2307 1440 2354; baseline -0.001 -11"><span class='ocrx_word' id='word_1_255' title='bbox 76 2307 253 2354; x_wconf 73' lang='lat' dir='ltr'>(Eutych.</span> <span class='ocrx_word' id='word_1_256' title='bbox 266 2307 344 2343; x_wconf 83' lang='lat' dir='ltr'>cod.</span> <span class='ocrx_word' id='word_1_257' title='bbox 359 2308 513 2353; x_wconf 76' lang='grc' dir='ltr'>Ρανι3.,)</span> <span class='ocrx_word' id='word_1_258' title='bbox 537 2307 658 2343; x_wconf 90' lang='lat' dir='ltr'>imber</span> <span class='ocrx_word' id='word_1_259' title='bbox 673 2309 818 2352; x_wconf 79' lang='lat' dir='ltr'>(omisso</span> <span class='ocrx_word' id='word_1_260' title='bbox 839 2307 1026 2352; x_wconf 85' lang='lat' dir='ltr'>fortunae)</span> <span class='ocrx_word' id='word_1_261' title='bbox 1047 2308 1223 2354; x_wconf 76' lang='lat' dir='ltr'>(Eutych.</span> <span class='ocrx_word' id='word_1_262' title='bbox 1238 2308 1315 2343; x_wconf 84' lang='lat' dir='ltr'>cod.</span> <span class='ocrx_word' id='word_1_263' title='bbox 1332 2307 1440 2350; x_wconf 85' lang='lat' dir='ltr'>Bob.)</span> 
     </span>
     <span class='ocr_line' id='line_1_37' title="bbox 79 2354 716 2403; baseline 0.002 -13"><span class='ocrx_word' id='word_1_264' title='bbox 79 2354 129 2391; x_wconf 73' lang='lat'>16</span> <span class='ocrx_word' id='word_1_265' title='bbox 154 2356 340 2400; x_wconf 76' lang='lat' dir='ltr'>temperet</span> <span class='ocrx_word' id='word_1_266' title='bbox 363 2355 428 2402; x_wconf 69' lang='lat' dir='ltr'>Q),</span> <span class='ocrx_word' id='word_1_267' title='bbox 454 2357 641 2401; x_wconf 83' lang='lat' dir='ltr'>temperat</span> <span class='ocrx_word' id='word_1_268' title='bbox 665 2355 716 2403; x_wconf 93' lang='lat' dir='ltr'><em>Q</em></span> 
     </span>
    </p>
   </div>
  </div>
 </body>
</html>
