1586 2514
587 90 732 146 cmm.
760 89 810 127 111
831 94 887 126 24.
1191 64 1196 71 ’
1336 87 1423 131 105

157 193 237 238 dos
262 199 328 237 est
353 208 515 250 magna
540 191 791 250 parentium

214 253 356 297 virtus
382 258 428 296 et
452 258 651 296 metuens
677 251 858 295 alterius
885 250 969 292 viri

161 318 280 357 certo
306 311 484 357 foedere
510 311 703 362 castitas,

215 378 261 416 et
282 387 459 429 peccare
481 371 607 415 nefas
629 377 709 415 aut
731 369 924 427 pretium
947 375 1012 412 est
1034 368 1160 412 mori.

158 470 184 501 ο
207 455 410 513 quisquis
432 455 550 499 volet
573 455 720 511 inpias
1377 466 1417 493 ετ»

213 515 358 560 caedis
387 520 432 559 et
459 514 628 558 rabiem
658 514 810 558 tollere
841 513 1036 564 civicam,

158 575 197 619 si
219 580 400 632 quaeret
421 574 638 617 PATER
660 574 838 618 urbium

212 633 431 679 subscribi
456 634 628 686 statuis,
655 633 920 677 indomitam
945 631 1105 676 audeat

161 719 385 763 refrenare
412 718 653 771 licentiam,

215 779 358 823 clarus
390 778 681 836 postgenitis:
721 784 950 834 quatenus,
985 776 1068 820 heu
1102 776 1241 827 nefas,
1383 789 1421 817 30

155 838 368 882 virtutem
394 838 659 882 incolumem
687 838 874 905 odimus,

208 898 431 942 sublatam
462 913 516 942 ex
549 898 687 942 oculis
719 897 971 954 quaerimus
1004 895 1160 940 invidi.

155 982 267 1040 quid
293 982 442 1026 tristes
466 981 782 1040 querimoniae,

209 1041 248 1086 si
275 1056 365 1086 11011
389 1041 608 1110 supplicio
635 1041 764 1099 culpa
792 1040 1017 1092 reciditur,

154 1101 265 1159 quid
291 1101 409 1159 leges
433 1101 529 1146 sine
554 1101 752 1145 moribus
1378 1113 1413 1141 35

208 1177 346 1206 vanae
368 1161 632 1218 proficiunt,
654 1161 693 1205 si
716 1176 856 1217 neque
878 1159 1065 1204 fervidis

156 1259 258 1303 pars
287 1244 458 1289 inclusa
487 1244 706 1288 caloribus

211 1304 368 1348 mundi
392 1319 469 1348 nec
495 1304 661 1348 Boreae
685 1304 940 1348 finitimum
965 1303 1080 1347 latus

154 1363 426 1421 durataeque
451 1364 544 1408 solo
573 1364 695 1407 nives

215 1430 500 1468 mercatorem
528 1423 754 1481 abigunt?
783 1423 961 1467 horrida
990 1423 1140 1467 callidi
1384 1437 1422 1464 ιο

160 1508 345 1553 vincunt
367 1523 557 1565 aequora
579 1508 770 1560 navitae,

212 1583 424 1626 magnum
452 1567 683 1625 pauperies
712 1567 1001 1625 opprobrium
1026 1566 1149 1611 iubet

160 1627 338 1686 quidvis
362 1633 407 1672 et
430 1628 576 1672 facere
600 1633 645 1672 et
669 1627 766 1685 pati

213 1688 482 1746 virtutisque
510 1687 628 1732 viam
657 1687 819 1732 deserit
848 1687 1022 1731 arduae.

160 1772 229 1817 vel
254 1786 332 1817 nos
357 1772 407 1816 in
433 1771 723 1829 Capitolium,
1383 1785 1420 1812 45

213 1847 302 1889 quo
335 1831 499 1876 clamor
530 1837 657 1875 vocat
689 1838 734 1875 et
767 1831 897 1875 turba
930 1830 1194 1882 faventium,

160 1890 230 1935 vel
253 1906 331 1935 nos
354 1891 403 1935 in
426 1906 546 1935 mare
571 1891 825 1947 proximum

215 1966 411 2009 gemmas
442 1956 486 1994 et
515 1950 685 2007 lapides
715 1966 872 1994 aurum
906 1956 949 1994 et
979 1950 1152 2001 inutile,

144 2043 373 2092 ῷ-ΑΒΕ
467 2044 539 2092 Θ.
556 2045 652 2080 ΒΦ

145 2127 194 2164 21
221 2128 320 2166 Serv.
346 2139 498 2176 9.ramm
526 2129 592 2164 IV
607 2131 754 2173 496,15
781 2129 858 2164 et‘
889 2128 1077 2164 arentum'
1106 2129 1145 2162 et
1171 2126 1420 2173 ‘parentium’

50 2175 230 2213 Horatius
256 2140 370 2212 dixit‘q
462 2175 513 2212 22
540 2176 628 2224 [ῶε
642 2176 750 2224 ΑΕ]
876 2176 900 2212 3
947 2175 1188 2224 ῶεΑΒΕ]
1286 2175 1373 2211 inde
1398 2186 1422 2210 a

50 2237 80 2261 0.
108 2223 159 2261 25
197 2225 264 2270 qm·
298 2235 426 2261 novom
465 2225 651 2261 ordiretur
687 2236 834 2261 carmen
871 2235 912 2262 co
939 2225 1027 2260 icem
1063 2224 1159 2260 vidit
1195 2224 1256 2259 Ps.
1284 2224 1420 2269 Porph.

50 2271 101 2309 25
128 2273 158 2308 Ο
185 2293 231 2299 -
258 2271 359 2308 volet
383 2273 428 2309 ob
452 2284 474 2308 o
499 2274 542 2309 in
573 2273 838 2310 exclamatione
862 2272 1032 2309 Diomed.
1057 2283 1211 2319 yramm.
1233 2273 1261 2307 I
1274 2274 1362 2314 329,
1375 2273 1424 2307 36

50 2319 102 2356 28
128 2322 167 2356 et
183 2321 233 2368 Q)
331 2322 399 2356 aut
421 2323 452 2357 Φ
549 2320 573 2356 2
600 2322 758 2366 quaeret
775 2320 896 2369 (DQ,
924 2319 1101 2366 qu(a)erit
1130 2321 1160 2354 Φ
1258 2318 1309 2355 30
1335 2319 1420 2366 [ῶε

49 2369 153 2415 ΑΕ]
332 2369 503 2406 deserere
527 2370 684 2416 Bentley
