1586 2514
620 76 761 114 SERM.
786 76 821 112 II
839 81 873 114 4.
1342 77 1427 120 231

73 191 148 220 nec
169 176 257 220 sibi
279 191 483 220 cenarum
506 176 652 233 quivis
673 181 833 220 temere
855 182 1032 233 arroget
1052 181 1205 229 artem,
1391 192 1426 219 35

72 251 159 280 non
180 235 305 293 prius
327 241 479 280 exacta
502 235 625 279 tenui
649 236 818 280 ratione
840 251 1058 293 saporum.

73 310 148 339 nec
167 295 276 339 satis
295 301 361 339 est
381 310 481 339 cara
499 295 631 352 piscis
651 311 844 339 averrere
866 311 1013 339 mensa

71 355 291 412 ignarum,
320 355 481 411 quibus
508 360 573 398 est
600 355 669 403 ius
696 355 843 412 aptius
871 361 915 398 et
936 355 1102 412 ¹quibus
1131 355 1237 400 assis

68 414 309 472 languidus
337 414 385 458 in
413 414 611 458 cubitum
640 415 730 458 iam
759 430 803 458 se
832 415 1014 458 conviva.
1042 422 1233 472 reponet.

70 473 232 517 Vmber
260 479 304 517 et
331 474 474 531 iligna
501 474 696 518 nutritus
724 475 884 531 glande
911 475 1121 518 rotundas
1390 492 1426 518 ιο

70 538 222 577 curvat
250 549 354 592 aper
382 534 525 577 lances
551 549 726 577 carnem
754 533 938 578 vitantis
966 534 1176 578 inertem:

71 609 172 637 nam
191 592 388 637 Laurens
406 593 548 637 malus
565 598 644 645 est,
664 593 778 637 ulvis
796 599 840 637 et
859 594 1103 638 harundine
1122 594 1316 651 pinguis.

69 652 197 697 vinea
217 652 444 697 submittit
465 668 639 710 capreas
662 669 749 697 non
771 669 938 711 semper
960 654 1114 697 edulis.

71 712 285 765 fecundae
309 712 471 770 leporis
492 713 667 771 sapiens
692 714 930 758 sectabitur
955 730 1110 758 armos.

70 772 264 830 piscibus
287 779 419 830 atque
442 773 596 817 avibus
619 789 730 830 quae
755 780 913 817 natura
938 780 981 817 et
1007 775 1122 817 foret
1148 781 1279 827 aetas,
1390 791 1424 818 45

69 837 171 876 ante
203 847 349 877 meum
380 833 493 877 nulli
525 834 674 890 patuit
705 834 902 890 quaesita
934 834 1146 891 palatum.

69 898 173 936 sunt
192 907 379 949 quorum
399 893 629 950 ingenium
651 909 762 937 nova
783 900 956 937 tantum
978 894 1171 937 crustula
1193 895 1369 951 promit.

71 967 344 1009 nequaquam
367 952 477 996 satis
498 953 547 997 in
570 968 616 996 re
640 969 727 997 una
751 969 999 997 consumere
1024 969 1186 1005 curam,

70 1017 120 1055 ut
142 1011 282 1069 siquis
303 1012 445 1056 solum
469 1012 561 1064 hoc,
586 1013 703 1056 mala
726 1029 779 1056 ne
803 1013 893 1056 sint
915 1013 1031 1066 vina,
1057 1014 1238 1066 laboret,

68 1071 191 1128 quali
218 1071 461 1128 perfundat
485 1072 616 1130 piscis
643 1088 816 1116 securus
843 1073 971 1116 olivo.
1388 1090 1425 1116 50

69 1131 261 1175 Massica
283 1131 320 1175 si
343 1131 461 1176 caelo
482 1147 698 1189 suppones
719 1133 822 1176 vina
843 1149 1006 1185 seren0,

70 1196 282 1235 nocturna.
306 1190 454 1248 siquid
479 1191 610 1235 crassi
636 1198 701 1235 est
724 1192 979 1236 tenuabitur
1004 1209 1109 1236 aura

69 1255 113 1293 et
134 1250 312 1294 decedet
333 1250 440 1294 odor
462 1251 604 1295 nervis
627 1251 857 1305 inimicus;
888 1258 935 1296 at
957 1252 1036 1295 illa

69 1310 293 1367 integrum
321 1310 512 1367 perdunt
532 1310 630 1354 lino
655 1311 813 1355 vitiata
838 1328 1050 1369 saporem.

70 1369 331 1414 Surrentina
358 1371 485 1414 vafer
510 1370 587 1428 qui
618 1371 770 1415 miscet
797 1372 918 1415 faece
947 1372 1137 1416 Falerna
1387 1390 1424 1416 55

68 1429 185 1482 vina,
213 1430 464 1490 columbino
489 1430 648 1475 limum
676 1431 783 1475 bene
810 1431 984 1489 colligit
1010 1448 1102 1484 ovo,

68 1495 283 1546 quatenus
306 1489 398 1534 ima
419 1490 535 1548 petit
555 1491 730 1546 volvens
753 1491 897 1535 aliena
920 1491 1109 1536 vitellus.

70 1549 196 1593 tostis
221 1555 485 1597 marcentem
509 1550 683 1607 squillis
709 1551 921 1595 recreabis
945 1557 989 1595 et
1012 1551 1134 1596 Afra

69 1614 266 1666 potorem
292 1609 458 1654 coclea:
491 1625 593 1654 nam
619 1610 789 1655 lactuca
814 1611 990 1655 innatat
1015 1612 1104 1657 acri

69 1674 167 1727 post
194 1669 349 1714 vinum
378 1669 623 1725 stomach03
662 1686 798 1728 perna
827 1671 969 1729 magis
999 1678 1042 1716 et
1072 1672 1215 1730 magis
1246 1673 1368 1717 hillis
1388 1689 1424 1716 60

160 1787 383 1835 &ann
474 1786 607 1836 Θεῷ

23 1920 25 1922 ,
162 1881 211 1919 87
233 1892 406 1919 :uerrere
422 1882 534 1932 (ῇρζῇ
552 1884 727 1930 (Bland.)
747 1885 897 1930 Por-ph„
916 1886 1087 1921 auertere
1107 1885 1177 1925 125
1250 1884 1301 1922 89
1321 1897 1429 1932 repo-

66 1931 133 1967 net
155 1930 216 1986 (ξ),
239 1929 390 1978 reponit
416 1932 448 1967 Φ
520 1929 574 1968 40
597 1933 636 1968 et
659 1932 709 1980 (D
724 1932 785 1988 ᾧ),
811 1934 856 1968 ut
875 1933 1048 1977 Bonfinie
1120 1931 1168 1968 41
1196 1931 1357 1969 uitantis

152 1977 327 2015 mtiantis
352 1990 392 2022 ςς
418 1982 453 2015 et
474 1979 635 2016 uitantis
659 1985 694 2017 et
716 1980 890 2017 mtiautis
914 1982 1008 2025 false
1032 1982 1219 2027 explicant
1235 1982 1395 2018 schol.1“'

94 2026 118 2062 3
155 2026 199 2064 ob
235 2026 358 2063 edulia
395 2027 503 2063 schol.
530 2029 566 2063 Γ
591 2028 692 2074 epod.
717 2031 761 2070 2,
786 2031 851 2074 34,
888 2029 931 2065 ob
961 2028 1058 2065 idem
1088 2030 1235 2066 verbum
1266 2031 1431 2076 exempla

75 2075 191 2111 Vatie.
208 2075 287 2111 2⁶2
358 2072 411 2110 44
435 2075 480 2112 ob
504 2086 579 2112 rem
603 2076 712 2120 affert
734 2076 835 2113 Don.
859 2076 938 2113 Ter.
959 2076 1062 2112 Eun.
1082 2079 1158 2113 246
1230 2077 1429 2114 Fecundae

67 2122 208 2159 Bland.
222 2133 257 2166 ς,
276 2121 444 2158 Facundi
461 2122 551 2170 (ῇΦ
563 2123 735 2170 (Por-ph.)
749 2124 884 2170 (Don.)
893 2137 907 2168 ;
925 2125 971 2170 cf.
986 2125 1103 2161 Prisc.
1119 2127 1155 2167 5,
1167 2127 1217 2160 42
1229 2136 1269 2171 p.
1284 2129 1368 2170 169,
1384 2129 1430 2162 15

65 2167 116 2206 42
145 2170 294 2206 tantum
320 2172 404 2215 (om.
426 2170 480 2216 E)
505 2171 570 2219 (D,
595 2172 722 2207 tamen
751 2173 782 2207 Φ
860 2170 913 2208 49
937 2182 986 2209 ne
1011 2172 1087 2207 sint
1110 2172 1196 2220 ΘΖ,
1221 2173 1343 2209 nescit
1367 2174 1430 2210 Fa.

66 2216 120 2254 50
150 2217 355 2265 perfundat
377 2218 470 2266 ῷλ,
499 2218 705 2265 profundat
735 2220 794 2256 ΓΖ
882 2219 935 2256 56
966 2219 1099 2256 limum
1129 2221 1216 2267 (DI,
1248 2220 1366 2257 linum
1399 2223 1430 2265 λ,

65 2264 198 2302 uinum
223 2266 265 2303 F
404 2266 453 2302 57
487 2267 531 2303 ob
560 2267 699 2312 fem.(!)
729 2266 881 2304 vitellus
912 2268 1021 2313 affert
1048 2268 1215 2314 ‘Porph.’
1243 2269 1294 2305 ad
1324 2280 1356 2305 v.
1384 2273 1429 2306 14

67 2315 231 2360 (petunt)
339 2313 394 2350 60
418 2315 457 2350 et
483 2317 566 2360 (om.
589 2315 646 2361 α’)
671 2315 720 2363 (D
795 2343 804 2358 ,
830 2326 875 2352 ac
902 2316 940 2352 E
1017 2315 1121 2352 hillis
1146 2317 1195 2364 Q)
1220 2317 1355 2365 Por-ph,
1384 2319 1427 2363 (i.

66 2361 174 2400 schol.
196 2363 272 2400 I'V
284 2373 325 2410 p.
347 2365 430 2409 166,
449 2366 526 2408 17),
550 2362 628 2401 illis
657 2365 688 2399 Φ
796 2364 819 2400 l.
841 2366 875 2400 Γ
895 2376 930 2413 p.
952 2367 1037 2411 166,
1055 2367 1103 2402 21
