1586 2514
186 82 245 125 20
706 83 852 121 cARM.
876 85 894 121 1
913 89 946 122 9.
968 90 1024 122 10.
1071 126 1073 128 .

398 182 602 238 permitte
622 182 735 225 divis
755 188 908 235 cetera,
929 184 1006 240 qui
1027 184 1158 228 simul

187 254 220 282 ιο
397 247 585 285 stravere
606 247 754 285 ventos
776 257 958 299 aequore
980 243 1150 287 fervido

451 300 773 357 deproeliantis‚
795 317 872 345 nec
893 302 1082 359 cupressi

503 375 578 403 nec
601 366 762 403 veteres
785 361 1012 417 agitantur
1035 362 1143 405 orni.

396 443 503 499 quid
528 444 587 486 sit
611 443 815 487 futurum
839 460 944 496 cras,
968 445 1081 501 fuge
1105 460 1308 501 quaerere
1331 452 1376 491 et

395 518 523 559 quem
550 502 660 545 Fors
685 502 856 546 dierum
882 519 1063 560 cumque
1089 503 1228 557 dabit,
1255 505 1375 550 lucro

183 575 217 601 ιε
450 562 616 618 adpone
637 577 713 605 nec
735 562 874 606 dulcis
895 578 1060 606 amores

501 636 652 676 sperne
675 636 784 678 puer
806 637 942 678 neque
966 628 1014 665 tu
1040 622 1226 675 choreas,

395 704 528 747 donec
551 703 711 748 virenti
738 705 918 748 canities
942 704 1063 749 abest

397 778 575 806 morosa.
607 779 721 807 nunc
739 769 786 807 et
804 779 980 821 campus
1001 771 1045 808 et
1064 780 1187 809 areae

448 823 646 882 lenesque
669 823 748 866 sub
771 829 938 867 noctem
960 824 1124 867 susurri
1150 822 1154 825 ’

178 896 215 923 eo
500 882 722 938 conposita
752 889 1002 940 repetantur
1030 883 1148 935 hora,

394 981 506 1009 nunc
528 971 571 1008 et
592 965 769 1010 latentis
790 966 987 1023 proditor
1009 966 1180 1010 intumo

394 1031 543 1082 gratus
571 1025 742 1081 puellae
770 1026 882 1069 risus
909 1026 962 1069 ab
992 1026 1154 1082 angulo

446 1084 692 1141 pignusque
720 1085 947 1142 dereptum
976 1085 1148 1140 lacertis

465 1163 467 1165 ·
497 1149 574 1187 aut
596 1144 742 1200 digito
763 1144 875 1188 male
896 1145 1122 1201 pertinaci.

818 1322 878 1364 X.

397 1393 591 1436 Mercuri
613 1393 801 1437 facunde
821 1408 951 1449 nepos
971 1393 1186 1446 Atlantis,

396 1452 472 1508 qui
505 1453 623 1496 feros
656 1452 797 1496 cultus
829 1452 1055 1496 hominum
1088 1459 1309 1497 recentum

395 1526 495 1554 voce
519 1512 724 1555 formasti
749 1518 868 1555 catus
891 1518 934 1554 et
959 1512 1135 1556 decorae

448 1585 567 1614 more
591 1571 841 1627 palaestrae,

192 1669 211 1697 ε
402 1661 443 1696 te
468 1669 634 1706 canam,
661 1654 810 1711 magni
836 1655 952 1698 Iovis
978 1661 1022 1698 et
1046 1655 1225 1699 deorum

402 1714 608 1757 nuntium
639 1729 873 1770 curvaeque
903 1714 1023 1770 lyrae
1053 1721 1290 1771 parentem,

401 1773 624 1825 callidum,
659 1773 874 1830 quidquid
906 1773 1086 1830 placuit,
1120 1774 1260 1817 iocoso

454 1832 636 1876 condere
663 1833 798 1876 furto.

269 1926 496 1972 &ABE
589 1925 770 1973 (ιῇαῑφ

272 2008 319 2043 13
356 2010 398 2044 ob
435 2010 650 2045 sententiam.
681 2009 786 2045 schol.
813 2008 904 2044 Stat.
936 2009 1044 2045 Theb.
1072 2012 1107 2052 3,
1127 2011 1202 2045 562
1311 2008 1358 2044 17
1396 2009 1521 2045 Donec

174 2075 221 2082 —
249 2067 394 2091 morosa
430 2058 474 2092 ob
510 2067 659 2092 morosa,
694 2057 799 2092 habet
828 2056 966 2093 Donat.
1004 2057 1082 2092 Ter.
1107 2056 1196 2093 Hec.
1223 2060 1258 2101 3,
1278 2060 1313 2100 5,
1330 2059 1383 2093 28
1414 2059 1520 2102 (478)

175 2101 241 2139 21.
268 2103 316 2138 22
343 2105 385 2140 cb
409 2115 493 2139 rem.
515 2103 612 2140 Serv.
634 2105 711 2140 buc.
731 2106 815 2147 3,65
910 2103 958 2139 21
986 2103 1131 2139 intumo
1154 2103 1215 2152 Θ,
1240 2104 1374 2140 intimo
1398 2104 1446 2151 G)

271 2151 335 2198 10,
348 2151 365 2186 1
389 2151 451 2197 [Q]
465 2165 472 2186 ε
487 2151 528 2186 A
537 2153 579 2186 Β
588 2153 698 2197 ΒΕ]
764 2151 782 2186 1
798 2152 841 2187 ob
854 2162 925 2187 voc.
940 2151 1100 2187 Mercuri
1113 2152 1230 2188 Prisc.
1244 2154 1380 2197 7‚18p.
1393 2154 1520 2196 3029,

175 2198 219 2234 ob
242 2210 317 2234 rem
341 2198 436 2235 Serv.
464 2201 556 2235 Aen.
585 2203 617 2242 1,
638 2202 722 2243 520,
746 2199 853 2235 verba
877 2198 926 2234 M.
951 2199 977 2234 f.
1003 2199 1098 2235 idem
1122 2202 1157 2242 4,
1171 2201 1246 2235 558
1342 2198 1366 2234 2
1391 2199 1456 2245 qui
1477 2221 1518 2225 -—-

175 2244 367 2282 hominum
392 2247 434 2282 ob
460 2246 582 2282 cultus
601 2247 735 2292 Porph.
754 2258 856 2282 serm.
870 2249 906 2290 2,
918 2249 955 2290 2,
969 2249 1017 2283 66
1088 2246 1114 2282 3
1133 2247 1240 2282 catus
1252 2267 1300 2274 --
1312 2245 1519 2293 palaestrae

175 2293 218 2329 ob
242 2305 319 2330 rem
341 2294 435 2331 Serv.
462 2295 555 2330 Aen.
575 2297 611 2338 4,
630 2297 703 2330 559
734 2299 767 2330 et
794 2295 873 2330 sine
897 2296 1003 2330 catus
1028 2294 1133 2331 schol.
1153 2294 1244 2331 Stat.
1268 2295 1378 2331 Theb.
1399 2297 1519 2338 6,833

178 2340 215 2377 7.
241 2338 263 2376 8
289 2342 331 2377 ob
357 2342 424 2385 insi
453 2342 587 2386 Porph.
609 2353 719 2378 carm.
742 2345 774 2384 1,
789 2345 847 2385 12,
863 2345 917 2377 11.
946 2346 978 2386 1,
990 2344 1050 2385 24,
1066 2344 1111 2377 17
