1586 2514
173 91 259 135 266
728 90 875 128 EPIST.
901 92 917 127 1
944 95 974 127 7.

175 209 209 237 ⁶5
226 194 334 238 vilia
367 194 621 238 vendentem
653 194 847 238 tunicato
875 200 1020 239 scruta
1051 194 1223 252 popello

228 258 408 310 occupat
436 259 480 297 et
503 253 667 298 salvere
693 254 816 298 iubet
841 254 985 311 prior;
1019 254 1095 298 ille
1123 253 1331 312 Philippo

228 327 429 356 excusare
459 312 651 356 laborem
678 318 722 356 et
749 314 1042 357 mercennaria
1069 313 1225 366 vincla,

227 371 343 427 quod
373 387 460 415 non
487 387 613 415 mane
640 371 818 415 domum
844 372 1044 424 venisset,
1073 372 1259 429 denique
1285 372 1401 430 quod
1428 387 1515 416 non

228 429 488 487 providisset
514 446 627 474 eum.
662 430 736 474 sic
759 430 976 487 ignovisse
1000 437 1155 488 putato

177 505 211 531 70
230 504 297 532 me
330 489 429 541 tibi,
460 490 499 533 si
528 505 653 533 cenas
683 489 811 534 hodie
840 505 1021 534 mecum.
1025 489 1038 510 ’
1077 489 1142 534 ‘ut
1170 489 1291 534 libet.
1295 490 1308 510 '
1347 489 1463 569 ‘ergo

227 554 326 604 post
349 563 508 592 nonam
529 548 696 592 venies·
687 583 697 602 ‚
727 564 842 593 nunc
864 549 895 600 1,
919 565 1009 593 rem
1031 555 1227 593 strenuos
1249 548 1390 606 auge)

230 613 280 650 ut
307 613 485 651 ventum
513 607 568 651 ad
596 622 745 652 cenam
772 614 850 660 est,
879 608 1062 652 dicenda
1090 608 1268 652 tacenda
1295 608 1464 652 locutus

229 666 404 710 tandem
435 666 676 711 dormitum
705 667 961 711 dimittitur.
1002 667 1072 711 hie
1102 666 1179 711 ubi
1205 682 1332 724 saepe

230 726 446 770 occultum
471 726 589 770 visus
611 726 834 770 decurrere
857 727 988 784 piscis
1013 727 1067 771 ad
1092 727 1283 778 hamum,

177 800 210 827 75
230 800 355 829 mane
379 785 512 829 cliens
535 791 579 829 et
600 786 689 829 iam
712 792 852 830 certus
872 787 1065 838 conviva,
1089 786 1265 830 iubetur

229 860 330 888 rura
354 844 603 888 suburbana
625 845 804 889 indictis
826 860 966 889 comes
987 845 1052 888 ire
1075 844 1261 889 Latinis.

228 903 446 960 inpositus
475 905 645 948 mannis
671 919 818 948 arvom
845 905 1095 961 caelumque
1123 904 1336 948 Sabinum

229 978 315 1006 non
341 969 475 1006 cessat
498 963 689 1007 laudare.
722 963 844 1007 videt
866 964 1064 1020 ridetque
1087 963 1336 1021 Philippus,

229 1028 273 1065 et
300 1022 388 1065 sibi
414 1022 521 1065 dum
549 1023 757 1079 requiem,
786 1022 892 1066 dum
919 1023 1031 1066 risus
1060 1022 1252 1079 undique
1279 1022 1463 1080 quaerit,

176 1096 212 1123 80
230 1081 335 1124 dum
360 1087 526 1138 septem
550 1081 686 1125 donat
709 1082 918 1134 sestertia,
945 1087 1098 1126 mutua
1120 1087 1285 1139 septem

228 1140 466 1197 promittit,
499 1141 729 1197 persuadet
759 1141 826 1184 uti
856 1147 1067 1184 mercetur
1097 1140 1301 1197 agellum.

229 1205 456 1243 mercatur.
495 1215 548 1243 ne
574 1205 616 1243 te
641 1199 784 1256 longis
809 1199 1067 1255 ambagibus
1091 1200 1207 1243 ultra

228 1274 360 1315 quam
384 1258 492 1302 satis
515 1264 580 1302 est
603 1274 767 1302 morer:
799 1274 851 1302 ex
875 1258 1018 1302 nitido
1042 1258 1104 1302 fit
1126 1257 1313 1303 rusticus
1336 1264 1464 1315 atquc

226 1318 368 1361 sulcos
397 1323 441 1361 et
466 1318 614 1361 vineta
642 1324 788 1374 crepat
815 1334 945 1369 mera,
974 1323 1204 1375 praeparat
1231 1317 1384 1370 ulmos,

176 1392 209 1419 85
230 1377 466 1420 inmoritur
493 1377 653 1421 studiis
682 1384 725 1420 et
751 1392 895 1421 amore
924 1377 1105 1421 senescit
1131 1377 1332 1421 habendi.

227 1452 378 1480 verum
410 1436 486 1480 ubi
516 1451 613 1480 oves
642 1437 779 1488 furto,
810 1436 959 1480 morbo
988 1436 1152 1493 periere
1181 1436 1382 1494 capellae,

227 1511 349 1551 spem
377 1495 564 1539 mentita
589 1511 722 1552 seges,
751 1495 826 1539 bos
853 1500 917 1539 est
943 1500 1114 1539 enectus
1141 1495 1327 1539 arando:

227 1555 430 1598 offensus
458 1554 632 1599 damnis
660 1554 804 1598 media
832 1554 885 1598 de
913 1559 1038 1598 nocte
1064 1554 1280 1599 caballum

229 1614 388 1671 arripit
417 1613 641 1671 iratusque
667 1613 870 1670 Philippi
897 1613 1040 1657 tendit
1064 1613 1120 1658 ad
1147 1614 1279 1658 aedis.

125 1688 127 1690 ·
176 1689 212 1716 90
230 1689 359 1729 quem
373 1673 508 1717 simul
522 1673 724 1730 adspexit
738 1673 936 1716 scabrum
952 1674 1264 1741 intonsumque
1268 1673 1516 1741 Philippus,

230 1732 408 1784 ³durus’,
439 1732 519 1785 ait,
551 1732 723 1785 ‘Voltei‚
755 1732 888 1776 nimis
918 1738 1194 1789 attentusque
1222 1730 1384 1776 videris

230 1807 318 1835 esse
348 1766 490 1835 mihi!
529 1791 629 1848 pol,
659 1807 727 1835 me
756 1792 974 1843 miserum,
1005 1797 1198 1848 patrone,
1227 1806 1410 1843 vocares,

228 1851 267 1895 si
297 1850 443 1894 velles'
472 1851 620 1907 inquit
647 1850 809 1894 verum
839 1850 949 1893 mihi
977 1865 1134 1907 ponere
1162 1865 1331 1894 nomen.

230 1910 347 1967 quod
373 1915 415 1953 te
438 1925 515 1967 per
537 1909 730 1953 Genium
753 1909 1035 1967 dextramque
1058 1909 1241 1967 deosque
1266 1909 1445 1954 Penatis

269 2015 338 2061 G).
353 2014 501 2050 αᾼἘ
592 2013 664 2061 Θ.
677 2015 771 2050 ΒΦ

273 2109 322 2143 69
361 2107 591 2144 Prouidisset
625 2109 673 2155 Q)
695 2109 746 2155 Q
783 2107 974 2152 (Bland),
1010 2107 1262 2143 Praeuidisset
1291 2119 1335 2151 ς,·
1370 2106 1409 2142 111
1447 2106 1523 2143 8110

178 2155 456 2201 ‘praeuidisset’
484 2156 622 2202 legitur
654 2157 761 2191 schol.
793 2156 866 2191 ΓΙ*
997 2155 1045 2192 73
1070 2154 1132 2190 1110
1155 2155 1220 2202 Q),
1252 2155 1353 2190 omis.
1377 2154 1428 2202 Q
1451 2156 1524 2200 (est

176 2203 485 2248 mter-potaverunt
510 2205 580 2249 zl)
611 2202 700 2237 hinc
726 2216 747 2243 ς
862 2202 912 2238 82
937 2214 982 2237 ne
1008 2205 1045 2238 te
1069 2202 1117 2248 Q
1135 2203 1246 2246 1⁴26,
1275 2212 1344 2237 nec
1368 2203 1407 2237 te
1432 2201 1522 2238 Rzn

248 2250 470 2295 ambagibus
496 2232 609 2298 EQ,
642 2250 769 2296 ambig
771 2250 854 2285 ibus
881 2250 975 2293 aA-,
1010 2249 1207 2306 ambiguus
1233 2249 1305 2285 Ra
1400 2248 1448 2284 87
1474 2249 1522 2284 ob

177 2299 328 2334 enectus
355 2299 471 2335 Prisc.
491 2302 526 2342 9,
544 2301 591 2334 34
610 2309 649 2342 Ρ.
670 2263 769 2342 470g
775 2300 823 2333 16
900 2297 947 2334 91
977 2298 1019 2333 ob
1044 2308 1115 2333 voc.
1141 2299 1183 2333 in
1208 2297 1258 2332 —ei
1284 2297 1401 2332 Prisc.
1421 2299 1455 2340 7,
1472 2299 1523 2333 22

171 2358 211 2391 Ρ.
232 2349 315 2390 305,
335 2349 358 2381 3
456 2345 506 2382 93
532 2355 669 2390 ponere
694 2346 742 2391 (i)
769 2345 918 2388 Blaml„
944 2344 1065 2380 dicere
1091 2345 1169 2382 ΕΦ
