1586 2514
574 95 720 133 CARM.
747 95 816 132 1111
837 100 890 132 12.
1329 95 1413 140 133

673 219 789 262 XII.

215 302 313 346 Iam
334 302 448 346 veris
471 303 666 354 comites,
691 318 803 359 quae
826 318 944 346 mare
969 309 1227 359 temperant,

213 361 436 418 inpellunt
458 362 631 406 animae
655 361 794 406 lintea
819 361 1045 414 Thraciae,

214 421 304 465 iam
323 436 400 465 nec
418 427 546 478 prata
564 421 712 478 rigent
730 437 806 465 nec
827 421 961 465 fluvii
979 428 1181 478 strepunt

267 479 451 534 hiberna
474 481 573 524 nive
598 481 783 537 turgidi.

214 586 370 631 nidum
399 588 540 645 ponit,
573 587 682 645 Ityn
713 588 930 631 flebiliter
960 603 1149 645 gemens,
1395 604 1414 631 ⁶

213 646 376 691 infelix
396 647 489 691 avis
507 653 553 691 et
572 646 808 704 Cecropiae
828 647 983 691 domus

208 711 434 751 aeternum
461 707 761 764 opprobrium,
790 706 906 764 quod
934 708 1047 751 male
1075 706 1279 752 barbaras

263 782 418 824 regum
448 772 513 811 est
544 767 638 810 ulta
668 767 890 811 libidines.

210 874 366 918 dicunt
394 875 441 918 in
471 881 619 918 tenero
647 875 848 932 gramine
877 875 1115 932 pinguium

211 933 410 977 custodes
431 933 580 978 ovium
605 934 801 978 carmina
826 935 984 978 fistula
1375 951 1412 979 10

210 992 513 1050 delectantque
536 993 682 1046 deum,
709 994 780 1038 cui
806 1009 934 1050 pecus
960 1001 1002 1037 et
1028 996 1149 1052 nigri

264 1052 393 1097 colles
419 1053 639 1097 Arcadiae
666 1053 851 1110 placent.

208 1159 430 1204 adduxere
450 1160 576 1204 sitim
601 1167 812 1218 tempora,
839 1161 1034 1218 Vergili:

208 1218 283 1262 sed
310 1234 507 1276 pressum
535 1219 718 1264 Calibus
745 1220 900 1264 ducere
931 1221 1139 1265 Liberum

207 1278 245 1322 si
274 1279 426 1336 gestis,
453 1279 661 1324 iuvenum
690 1280 907 1324 nobilium
938 1281 1085 1333 cliens,
1378 1298 1410 1325 15

263 1338 400 1382 nardo
422 1339 526 1383 vina
549 1340 779 1384 merebere.

210 1445 338 1489 nardi
361 1461 515 1503 parvos
539 1462 657 1503 onyx
681 1447 827 1491 eliciet
850 1448 1021 1500 cadum,

209 1505 287 1562 qui
314 1521 428 1550 nunc
456 1505 668 1564 Sulpiciis
695 1507 883 1552 adcubat
910 1507 1089 1561 horreis,

207 1580 306 1622 spes
333 1564 494 1610 donare
523 1582 655 1610 novas
684 1567 833 1625 largus
863 1583 1097 1626 amaraque

263 1640 466 1670 curarum
494 1626 639 1670 eluere
670 1627 854 1671 efficax.
1375 1645 1412 1673 20

208 1732 264 1777 ad
284 1747 396 1790 quae
416 1733 454 1777 si
475 1749 681 1791 properas
703 1735 881 1792 gaudia,
904 1751 1004 1780 cum
1026 1741 1103 1780 tua

208 1792 334 1836 velox
361 1807 501 1837 merce
527 1795 652 1837 veni:
687 1810 774 1838 non
802 1810 882 1852 ego
910 1801 954 1839 te
980 1799 1089 1840 meis

209 1851 435 1896 inmunem
462 1853 652 1897 meditor
678 1854 880 1911 tinguere
907 1855 1089 1912 poculis,

262 1911 392 1968 plena
413 1911 534 1956 dives
557 1919 606 1956 ut
628 1914 675 1957 in
698 1914 840 1958 domo.

140 2027 318 2076 (D-AB
413 2028 549 2077 ΘΛ)

143 2122 208 2170 18,
228 2123 252 2160 8
278 2125 321 2162 ob
346 2124 496 2161 animae
521 2126 630 2170 affert
649 2126 745 2164 Serv.
761 2129 854 2164 Aen.
871 2132 904 2173 1,
918 2131 977 2165 57.
998 2132 1036 2175 8,
1049 2133 1120 2166 403
1215 2128 1240 2166 4
1265 2130 1410 2177 turgidi

44 2147 318 2257 591<¹i¹30¹1⁰⁰20ffi
306 2172 501 2267 ἐξὲὼᾶῗῑ
502 2155 1170 2279 ἳξέᾒῖᾙῶῗὲῗξέπᾝᾎ)
1238 2178 1415 2275 ἓέἔῗέζ

114 2269 274 2323 (Poma.
299 2270 324 2305 i.
306 2222 458 2306 tqm)
479 2271 590 2316 AV),
616 2271 794 2318 nigrae?
907 2273 958 2309 16
984 2273 1176 2311 merebere
1200 2273 1266 2322 (D,
1291 2285 1410 2311 mere—

92 2314 145 2352 ris
174 2318 223 2361 Φ,
247 2318 312 2354 m'oe
335 2318 412 2354 iam
435 2317 487 2366 Θ
593 2317 643 2355 22
669 2319 757 2368 [(1]1):
774 2321 883 2369 ΒΦ]
982 2321 1034 2358 2⁶
1060 2322 1103 2359 ob
1127 2322 1348 2368 nigrorum.

45 2362 192 2411 ignium
218 2365 328 2410 affert
349 2365 450 2403 Seru.
472 2368 564 2403 Am.
585 2369 621 2411 4,
640 2369 714 2404 384
