1586 2514
178 118 260 162 134
653 118 796 155 CARM.
822 118 887 154 1111
906 123 961 154 12.
985 123 1039 156 13.

176 232 208 258 ετ.
330 232 479 260 verum
507 232 618 273 pone
647 232 788 260 moras
817 222 860 260 et
888 218 1083 261 studium
1113 218 1222 261 lucri

332 276 644 332 nigrorumque
672 291 848 328 memor,
879 276 984 320 dum
1013 276 1128 329 licet,
1159 277 1330 333 ignium

332 334 462 378 misce
493 335 731 378 stultitiam
755 335 956 379 consiliis
989 335 1182 379 brevem:

383 394 508 437 dulce
530 399 594 437 est
615 393 809 450 desipere
831 395 879 437 in
901 394 1006 437 l'oco.

772 571 913 613 XIII.

331 640 568 693 Audivere,
591 641 721 697 Lyce,
743 641 790 684 di
812 657 905 684 mea
925 647 1039 693 vota,
1062 642 1107 684 di

331 699 548 753 audivere,
574 700 715 757 Lyce:
747 701 808 744 fis
832 716 939 744 anus
963 707 1006 744 et
1030 707 1176 744 tamen

383 758 449 802 vis
471 759 665 803 formosa
687 760 825 803 videri

437 818 638 875 ludisque
661 825 704 862 et
728 819 841 862 bibis
865 819 1079 876 inpudens
1148 852 1152 856 .

189 933 206 960 5
332 924 375 961 et
397 924 528 963 cantu
552 920 738 962 tremulo
762 925 865 975 pota
889 919 1153 976 Cupidinem

331 977 499 1021 lentum
521 978 746 1021 sollicitas.
781 978 857 1022 ille
879 978 1061 1022 virentis
1087 984 1129 1022 et

382 1036 533 1080 doctae
556 1037 739 1093 psallere
763 1037 899 1080 Chiae

436 1096 600 1151 pulcris
629 1096 813 1139 excubat
843 1097 891 1140 in
920 1097 1056 1153 genis.

329 1195 592 1251 inportunus
612 1196 731 1239 enim
753 1196 991 1239 transvolat
1011 1196 1156 1240 aridas

171 1268 207 1296 ιο
329 1269 512 1309 quercus
536 1259 580 1298 et
603 1255 774 1311 refugit
798 1260 840 1298 te
864 1255 967 1312 quia
992 1255 1126 1298 luridi

381 1312 546 1365 dentes,
571 1319 613 1357 te
636 1314 741 1370 quia
764 1329 898 1370 rugae

435 1377 619 1429 turpant
640 1378 684 1416 et
708 1373 864 1429 capitis
887 1373 1020 1416 nives.

330 1487 406 1516 nec
427 1472 541 1516 Coae
562 1473 760 1516 referunt
779 1472 869 1516 iam
890 1473 974 1516 tibi
995 1489 1212 1530 purpurae

330 1546 406 1575 nec
437 1531 527 1576 cari
559 1531 727 1589 lapides
758 1537 966 1589 tempora,
999 1547 1110 1589 quae
1142 1533 1271 1576 semel

171 1605 204 1632 15
382 1591 498 1634 notis
529 1591 705 1635 condita
736 1591 865 1635 fastis

434 1649 614 1694 inclusit
639 1650 826 1694 volucris
853 1650 958 1694 dies.

327 1765 415 1806 quo
444 1751 568 1807 fugit
596 1766 742 1802 venus,
774 1751 870 1803 heu,
901 1766 1039 1807 quove
1068 1751 1196 1803 color,
1228 1751 1379 1796 decens

327 1824 412 1866 quo
438 1809 616 1853 motus?
650 1809 757 1866 quid
784 1809 913 1853 habes
939 1810 1074 1861 illius,
1101 1809 1235 1862 illius,

377 1883 490 1924 quae
516 1868 714 1925 spirabat
742 1883 921 1920 amores,

168 1941 205 1969 20
434 1942 544 1983 quae
568 1942 636 1970 me
658 1933 887 1983 surpuerat
911 1927 1022 1970 mihi

261 2030 436 2077 ῶιΑΒ
531 2030 713 2078 &23sp

262 2123 313 2159 28
338 2125 382 2161 ob
405 2126 620 2161 sententiam
645 2126 781 2169 Porph.
800 2126 899 2170 epist.
924 2128 955 2169 1,
975 2128 1032 2168 18,
1051 2128 1100 2160 60
1123 2124 1232 2170 (ioco)

264 2170 334 2218 18,
361 2171 382 2207 1
417 2171 457 2207 di
482 2193 526 2198 —
553 2171 576 2207 2
608 2172 706 2217 Lyce
736 2183 804 2207 om.
831 2173 867 2207 B
990 2171 1037 2207 12
1072 2171 1196 2218 Quint.
1221 2173 1306 2208 inst.
1332 2174 1375 2216 8,
1401 2176 1442 2213 6.
1466 2175 1516 2213 ,17

168 2219 256 2255 sunt
286 2220 325 2254 et
357 2218 472 2254 durae
502 2219 760 2255 translationes
786 2246 794 2254 .
817 2247 823 2253 .
846 2248 853 2255 .
879 2220 922 2254 ut
949 2219 1098 2265 ‘capitis
1131 2219 1249 2254 nives’
1356 2218 1404 2255 14
1438 2219 1515 2255 cari

165 2265 218 2313 Θ
243 2266 371 2302 Beana
395 2266 609 2313 (Porph.?),
635 2266 726 2301 clari
750 2266 799 2313 Q)
920 2266 969 2302 16
999 2267 1042 2303 ob
1072 2265 1232 2302 volucris
1258 2267 1376 2303 Prisc.
1402 2270 1443 2311 5,
1467 2269 1515 2303 18

161 2323 200 2358 p.
229 2316 311 2358 153,
329 2316 379 2349 18
516 2313 566 2349 20
594 2314 705 2359 ‘quae
735 2326 794 2349 me
827 2315 1023 2360 surpuerat
1047 2313 1153 2348 mihi’
1186 2324 1253 2359 pro
1284 2313 1515 2360 surripuerat

169 2361 283 2397 Prisc.
304 2364 363 2405 17,
383 2364 405 2397 5
428 2373 462 2406 p.
485 2365 566 2405 110,
585 2363 635 2397 20
