1586 2514
408 390 456 457 G
478 392 545 457 A
564 392 627 458 R
646 391 721 456 M
740 393 775 458 I
795 393 862 457 N
881 393 947 457 V
967 392 1041 456 M

470 522 667 566 LIBER
695 523 978 567 TERTIVS.

700 642 736 685 Ι.

262 731 351 775 Odi
378 733 616 789 profanum
643 732 798 790 volgus
825 739 869 776 et
895 749 1030 776 arceo.

261 791 407 836 favete
434 792 626 850 linguis:
662 793 856 836 carmina
883 808 971 836 non
999 793 1122 850 prius

313 851 468 896 audita
494 852 726 896 Musarum
755 853 952 896 sacerdos

365 911 615 969 virginibus
641 913 873 969 puerisque
899 918 1038 956 canto.

259 1010 414 1052 regum
440 995 737 1039 timendorum
763 996 811 1039 in
836 997 1036 1053 proprios
1062 1011 1228 1053 greges,

259 1069 381 1111 reges
407 1055 457 1098 in
482 1054 599 1112 ipsos
624 1055 861 1112 imperium
888 1062 953 1100 est
980 1055 1111 1107 Iovis,

311 1114 419 1158 clari
446 1115 657 1172 giganteo
685 1116 924 1172 triumpho,

365 1179 521 1218 cuncta
546 1175 781 1231 supercilio
808 1176 1034 1219 moventis.

258 1266 320 1300 est
348 1264 398 1301 ut
421 1258 516 1301 viro
539 1258 608 1301 vir
631 1258 765 1302 latius
790 1259 964 1303 ordinet

257 1317 436 1361 arbusta
460 1317 605 1370 sulcis,
633 1318 704 1361 hic
728 1320 977 1376 generosior

311 1376 543 1421 descendat
569 1378 617 1421 in
645 1393 848 1436 campum
876 1380 1052 1436 petitor,

364 1436 559 1481 moribus
588 1437 659 1481 hic
688 1438 928 1496 meliorque
956 1439 1094 1483 fama2

257 1520 504 1570 contendat,
531 1520 602 1564 illi
627 1521 758 1565 turba
783 1522 1012 1567 clientium

255 1579 316 1623 sit
341 1580 505 1624 maior:
537 1596 676 1638 aequa
700 1581 796 1640 lege
823 1582 1068 1626 Necessitas

307 1640 494 1684 sortitur
514 1640 704 1699 insignis
727 1648 770 1686 et
790 1642 916 1695 imos,

363 1714 490 1744 omne
516 1716 652 1758 capax
681 1709 825 1745 movet
853 1718 961 1746 urna
988 1718 1159 1747 nomen.

255 1783 488 1827 destrictus
514 1785 628 1828 ensis
654 1785 726 1829 cui
751 1801 881 1842 super
906 1786 1031 1843 inpia

254 1843 417 1886 cervice
446 1844 618 1900 pendet,
650 1860 736 1888 non
767 1845 940 1889 Siculae
969 1845 1101 1903 dapes

307 1902 479 1946 dulcem
505 1903 794 1949 elaboiabunt
818 1921 1031 1962 saporem,

362 1978 450 2006 non
477 1964 625 2007 avium
654 1965 933 2022 citharaeque
960 1974 1112 2010 cantus

133 2055 201 2102 Q).
216 2056 412 2092 ABDE
505 2056 684 2105 69:114»

1369 1336 1402 1362 10

1366 1661 1400 1687 15

1363 1983 1399 2010 20

134 2138 174 2185 3,
197 2138 235 2187 1,
256 2138 337 2186 2sq
313 2151 348 2186 q.
376 2141 419 2176 ob
445 2140 567 2177 favete
593 2142 652 2186 aff
616 2142 700 2186 ffm
725 2142 822 2178 Serv.
844 2144 936 2179 Aen.
958 2147 992 2184 5,
1008 2147 1064 2187 71,
1088 2144 1258 2180 similiter
1281 2156 1398 2192 yeory.

37 2189 161 2230 4‚230

38 2235 377 2281 obsupehcab

255 2187 278 2224 9
304 2187 373 2225 Est
389 2189 438 2236 Q
436 2188 550 2273 0513,
536 2188 627 2225 Esto
647 2190 802 2237 Bentley
901 2191 947 2228 17
973 2191 1174 2228 destrictus
1195 2213 1239 2218 —

379 2236 400 2272 l.
514 2238 577 2274 ris.
612 2249 762 2284 yram
795 2240 823 2274 I
841 2242 996 2283 269,15
1034 2239 1132 2276 Serv.
1163 2240 1227 2275 IV
1249 2243 1337 2284 419,
1352 2243 1400 2276 32

37 2282 164 2328 Pomp.
162 2246 342 2328 peV275,
355 2286 403 2321 30
434 2285 536 2331 Porp
536 2286 570 2321 h.
597 2286 648 2322 ad
678 2297 788 2322 cao-,m
816 2290 850 2330 1,
864 2290 898 2331 9,
913 2290 935 2323 5

38 2335 236 2378 (yrammd,
262 2331 455 2368 districtus
481 2297 536 2369 ΦΡ
538 2334 683 2379 (Pomp.
709 2335 786 2371 cod.
812 2315 865 2380 A')

1259 2193 1401 2238 pendet

1058 2287 1260 2324 destrictus
1284 2289 1333 2336 Q
1350 2288 1401 2337 Θ
