1586 2514
170 100 226 137 VI
679 97 903 134 PRAEFA
910 99 966 134 TI
966 99 1004 135 Ο.

165 197 406 243 paucissima
431 197 511 244 ipse
541 199 738 245 temptavi,
770 200 892 237 cetera
922 201 1117 239 contentus
1140 213 1358 250 proponere
1381 201 1515 250 qualia

170 256 279 293 nobis
322 257 488 294 servavit
528 257 689 304 fortuna
726 257 869 296 Horati
911 261 955 296 ut
995 260 1147 298 videtur
1185 273 1264 300 non
1307 261 1515 300 admodwm

170 316 332 363 fautrix.

259 386 353 413 nam
381 375 646 422 profitendum
676 378 730 414 est
765 376 881 416 verba
912 377 1057 417 Horati
1091 379 1209 418 multo
1245 381 1377 420 minus
1413 382 1516 420 certa

170 434 248 481 fide
279 432 438 482 (scilicet
459 433 690 483 plerumque
719 436 803 474 sola
826 436 1133 486 Porphyrionea)
1163 440 1236 478 niti
1267 451 1386 488 quam
1408 440 1517 488 volqo

171 493 333 532 credunt
350 495 463 541 atque
480 494 575 541 fatis
594 494 812 533 carminum
830 496 872 533 in
890 497 1115 536 universum
1133 499 1374 548 comprobari
1385 510 1517 539 veram

170 553 294 601 fuisse
323 554 550 591 sententiam
580 553 734 592 Bentlei
763 554 1010 594 Lachmanni
1041 556 1198 597 Lehrsii
1227 559 1295 607 qui
1324 558 1517 599 codicibus

172 613 315 651 nostris
333 624 451 660 quam
469 614 636 652 maxime
654 614 894 663 diffidebant.
932 616 1124 663 quantilla
1142 618 1243 657 enim
1261 618 1518 658 aestimanda

173 672 224 710 sit
246 671 523 720 Porphyrionis
552 674 595 711 in
625 674 864 712 recensendis
894 675 954 713 vel
979 675 1216 724 explicandis
1239 678 1365 717 verbis
1381 680 1519 728 poetae

173 732 396 780 auctoritas,
414 733 497 780 ipse
515 733 661 771 invitus
678 732 830 772 schobiis
847 735 988 783 ineptis
1005 737 1123 774 nimis
1140 748 1255 785 saepe
1273 737 1517 777 demonstrat.

174 802 295 839 quare
330 792 537 830 verisimile
574 794 629 830 est
668 792 790 831 multa
833 795 1052 834 etiamnunc
1087 795 1160 844 leyi
1196 798 1239 835 in
1282 797 1520 837 comunibus

174 850 320 889 Horati
350 851 466 890 verba
497 851 718 890 adulterata
753 853 1073 902 interpolatoque,
1110 858 1208 894 certo
1235 856 1408 905 yenuina
1441 868 1518 895 non

176 921 255 948 esse
278 911 357 948 nisi
382 922 480 958 quae
499 911 548 948 ab
568 910 660 950 aliis
678 913 837 959 praeter
855 912 1157 962 Porphyrionem
1176 916 1331 954 test-ibus
1349 916 1517 965 antiquis

175 972 435 1018 aynoscantur
466 972 535 1008 aut
566 970 710 1019 leqibus
739 973 926 1010 sermonis
956 974 1126 1021 artisque
1157 975 1353 1023 inqeniove
1377 975 1518 1014 Horati

175 1030 374 1068 convenire
398 1031 697 1079 comprobentur.

265 1089 348 1127 'ideo
374 1090 416 1127 in
442 1090 602 1129 editione
627 1101 744 1137 quam
768 1090 1056 1139 diliyentissime
1079 1093 1261 1131 addenda
1287 1096 1397 1133 ercmt
1419 1096 1521 1132 certa

176 1149 391 1187 testimonia
418 1151 525 1187 extra
550 1150 694 1188 codices
719 1150 959 1189 Horatianos
989 1153 1143 1190 servata
1173 1154 1286 1199 atque
1316 1152 1369 1191 ad
1394 1165 1439 1191 ea
1464 1153 1521 1190 in-

176 1208 398 1257 dicandum,
427 1208 522 1256 quid
546 1207 765 1261 διαρρήδην
790 1209 839 1248 ab
865 1210 1035 1257 antiauis
1059 1211 1226 1250 Horatio
1251 1211 1437 1250 tributum
1460 1213 1521 1260 sit,

177 1267 271 1314 quid
294 1268 425 1306 minus
449 1268 650 1316 diliyenter
673 1268 848 1307 relatum.

264 1338 333 1365 nec
358 1329 503 1372 tamen,
535 1328 627 1375 quia
658 1330 702 1366 ut
724 1328 807 1366 dixi
831 1340 917 1366 cum
942 1329 1115 1367 Bentleio
1141 1330 1397 1369 Lachmanno
1421 1331 1522 1370 Mei-

176 1387 285 1424 nclcio
315 1387 472 1434 saepius
503 1388 549 1425 de
579 1387 656 1434 fide
686 1388 892 1426 memoriae
922 1387 1230 1436 Porphyrioneae
1260 1390 1409 1435 dubito,
1437 1390 1522 1428 ideo

178 1447 312 1483 auctor
348 1456 436 1483 sum
465 1446 671 1495 philologis
700 1448 744 1484 ut
773 1446 959 1484 leviorum
994 1448 1237 1495 inaeniorum
1273 1450 1523 1498 temptamina

177 1506 375 1543 imitentur
401 1507 435 1542 et
456 1506 643 1545 innovata
668 1507 790 1544 vetere
814 1506 967 1544 licentia
991 1507 1034 1544 in
1065 1506 1209 1545 tradita
1234 1507 1379 1547 Horati
1406 1508 1524 1547 verba

178 1565 344 1603 irruant.
387 1564 525 1603 melius
549 1566 622 1604 erit
643 1566 687 1603 in
704 1564 836 1604 multis
846 1565 1061 1613 prudenter
1079 1566 1255 1606 dubitare
1273 1579 1389 1615 quam
1406 1568 1524 1607 nimis

179 1625 351 1662 animose
381 1624 599 1663 coniectare.
650 1625 785 1663 etenim
815 1625 976 1672 facilius
1006 1627 1060 1663 est
1089 1626 1184 1664 vitia
1215 1627 1391 1666 editionis
1415 1626 1525 1666 nobis

179 1683 346 1722 traditae
370 1682 538 1732 deleyere
562 1695 680 1731 quam
703 1685 808 1722 ultra
831 1684 1134 1733 Porphyrionem
1157 1696 1304 1734 sapere.

267 1741 374 1780 haud
398 1742 533 1791 iqnoro
558 1743 703 1791 ambiyi
720 1755 835 1791 posse
859 1755 954 1781 num
980 1744 1023 1781 in
1054 1744 1237 1793 eligendis
1263 1747 1298 1783 et
1319 1744 1525 1784 reddendis

180 1801 351 1840 ecdicum
387 1801 609 1841 lectionibus
643 1803 854 1850 aequaliter
883 1814 958 1850 per
994 1804 1125 1842 omnia
1161 1805 1338 1843 earmina
1375 1804 1523 1853 efferim.

180 1873 258 1908 qua
290 1862 333 1898 in
368 1872 410 1899 re
446 1873 494 1899 ne
528 1863 648 1900 nimis
678 1863 820 1899 anseius
850 1872 1028 1900 versarer
1064 1874 1110 1900 ea
1139 1863 1305 1902 maxime
1337 1874 1397 1901 me
1425 1863 1525 1901 ratio

179 1920 296 1958 movit
325 1919 426 1967 quod
454 1931 533 1958 non
566 1922 610 1959 in
640 1921 770 1959 animo
805 1921 992 1959 habebam
1021 1922 1261 1969 superfluam
1292 1923 1325 1960 et
1352 1922 1526 1960 inutilem

180 1979 339 2018 reddere
364 1979 564 2024 editionem
580 1980 729 2018 Kelleri
742 1979 979 2028 Holderique
996 1981 1182 2018 maiorem
1200 1979 1406 2029 (nimirum
1429 1991 1525 2019 sem-

174 2050 250 2086 per
279 2050 390 2076 suom
414 2038 488 2076 sibi
513 2039 636 2077 locum
659 2040 702 2077 in
726 2039 822 2078 actis
846 2041 986 2078 crisces
1010 2039 1257 2078 Horatianae
1284 2039 1524 2088 vindicabit),

181 2098 247 2136 sed
278 2099 392 2145 quasi
422 2098 555 2136 ducem
587 2101 622 2136 et
651 2098 769 2136 lucem
793 2099 981 2146 praebere
1010 2100 1052 2137 in
1070 2098 1358 2147 perscrutanda
1382 2099 1524 2138 diiudi-

182 2156 383 2204 candaque
413 2157 656 2205 amplissima
685 2160 849 2196 materia
874 2170 900 2195 a
924 2159 1022 2196 viris
1045 2158 1288 2197 chalcenteris
1316 2159 1526 2208 optimeque

182 2217 329 2255 meritis
363 2216 525 2255 collecta.
584 2228 694 2264 spero
732 2220 860 2255 tamen
895 2217 1046 2255 nullam
1080 2229 1140 2255 me
1174 2219 1322 2266 fuyisse
1357 2218 1526 2258 lectionis

183 2275 483 2323 discrepantiam
514 2287 613 2324 quae
642 2288 737 2314 num
767 2278 818 2315 sit
847 2276 1072 2315 Horatiana
1102 2277 1273 2315 dubitari
1296 2279 1422 2325 possit
1457 2280 1526 2316 aut

183 2335 338 2382 quaein
349 2335 630 2383 perspiciendis
646 2336 847 2374 lectionum
860 2337 895 2374 et
908 2335 1093 2373 librorum
1110 2337 1206 2384 fatis
1223 2336 1373 2384 aliquid
1387 2337 1524 2376 valeat.
