1586 2514
651 75 792 113 SERM.
819 77 835 112 1
855 80 887 114 3.
1364 78 1444 122 181

84 174 300 220 sincerum
331 176 526 222 furimus
558 192 631 220 vas
662 176 914 220 incrustare.
958 178 1118 234 probus
1149 177 1248 234 quis

86 234 311 280 nobiscum
334 236 461 289 vivit,
491 237 681 283 multum
706 236 918 281 demissus
944 237 1098 282 homo:
1131 237 1202 281 illi

83 294 238 339 ‘tardo'
268 311 522 354 cognomen,
556 295 744 354 ‘pingui'
774 296 942 341 damus.
985 297 1055 341 hie
1086 298 1211 355 fugit
1242 298 1384 342 omnis

83 354 268 400 insidias
297 356 498 414 nullique
530 356 645 400 malo
674 355 790 400 latus
822 357 948 401 obdit
977 364 1192 415 apertum,

81 430 180 459 cum
207 431 344 473 genus
374 417 452 461 hoc
478 417 594 460 inter
618 416 736 460 vitae
762 423 968 469 versetur,
998 418 1075 462 ubi
1103 418 1214 462 acris
1400 434 1437 461 co

82 474 252 520 invidia
277 482 409 534 atque
436 477 588 534 vigent
614 475 690 520 ubi
716 476 928 522 crimina:
961 493 1041 535 pro
1067 478 1174 522 bene
1199 494 1306 523 sano

81 550 130 579 ac
158 550 245 580 non
275 536 453 581 incauto
480 537 642 581 fictum
670 542 951 595 astutumque
978 554 1194 583 voca-mus.

81 595 324 653 simplicior
352 597 452 654 quis
481 603 525 641 et
551 602 627 648 est,
659 596 833 653 qualem
863 614 931 641 mc
959 604 1086 656 saepe
1114 598 1303 643 libenter

81 655 317 701 obtulerim
350 657 450 709 tibi,
484 657 728 708 Maecenas,
763 663 813 700 ut
845 658 962 701 forte
994 658 1212 716 legentem

80 721 158 760 aut
190 717 375 762 tacitum
410 716 594 775 inpellat
625 717 778 774 quovis
810 732 1030 762 sermone:
1072 718 1292 763 ‘molestus
1400 734 1435 762 οε

80 777 300 821 communi
330 793 457 821 sensu
487 777 615 834 plane
645 776 776 820 caret'
806 777 1045 834 inquimus.
1095 779 1217 831 eheu,

79 851 211 893 quam
239 842 400 881 temere
428 836 477 881 in
502 842 670 880 nosmet
695 836 837 893 legem
865 838 1085 882 sancimus
1111 838 1325 896 iniquam.

79 911 181 940 nam
212 896 337 941 vitiis
370 911 496 941 nemo
526 896 619 940 sine
651 896 870 950 nescitum
911 897 1106 954 optimus
1137 898 1214 942 illc
1247 906 1324 951 est,

79 956 157 1012 qui
183 957 382 1001 minimis
411 961 603 1014 urgetur.
639 955 806 1000 amicus
831 956 986 1009 dulcis,
1014 964 1064 1001 ut
1091 974 1273 1015 aequom
1302 966 1378 1012 est,

78 1030 178 1060 cum
204 1032 300 1061 mea
325 1021 559 1074 conpensat
583 1015 707 1059 vitiis
735 1015 861 1068 bona,
889 1017 1092 1073 pluribus
1119 1018 1247 1070 hisce,
1401 1036 1436 1063 το

77 1075 115 1119 si
144 1077 272 1120 modo
302 1077 430 1135 plura
455 1075 566 1120 mihi
594 1075 706 1119 bona
734 1082 850 1126 sunt,
879 1077 1077 1128 inclinet,
1107 1078 1247 1122 amari

77 1135 115 1179 si
140 1136 282 1181 volet:
318 1137 396 1181 hac
422 1135 517 1194 lege
543 1135 591 1179 in
619 1136 788 1179 trutina
814 1143 1001 1193 ponetur
1027 1137 1191 1181 eadem.

75 1195 154 1252 qui
182 1211 236 1240 ne
266 1196 493 1241 tuberibus
518 1195 709 1253 propriis
737 1196 945 1240 offendat
973 1196 1163 1241 amicum

76 1255 284 1312 postulat,
310 1256 506 1314 ignoscet
529 1255 720 1300 verrucis
744 1255 892 1299 illius:
923 1272 1107 1313 aequom
1131 1263 1195 1300 est

76 1316 264 1372 peccatis
293 1317 466 1361 veniam
500 1321 744 1373 poscentem
776 1315 954 1360 reddere
986 1332 1147 1361 rursus.
1397 1335 1431 1362 75

75 1375 278 1432 denique,
306 1382 519 1434 quatenus
548 1375 691 1419 excidi
719 1375 895 1432 penitus
921 1375 1082 1420 vitium
1110 1377 1214 1429 irae,

75 1441 216 1480 cetera
240 1435 348 1480 item
376 1441 595 1493 nequeunt
619 1435 767 1479 stultis
793 1435 1030 1488 haerentia,
1057 1452 1133 1480 cur
1157 1453 1246 1482 non

75 1495 342 1552 ponderibus
368 1495 642 1553 modulisque
671 1495 761 1539 suis
788 1495 901 1539 ratio
929 1496 1072 1540 utitur
1100 1513 1148 1541 ac
1175 1513 1242 1541 res

77 1560 127 1598 ut
155 1571 352 1614 quaeque
384 1561 462 1608 est,
493 1555 557 1599 ita
588 1555 817 1612 suppliciis
848 1555 1009 1599 delicta
1037 1558 1238 1601 coercet?

73 1614 214 1673 siquis
245 1631 345 1660 eum
377 1630 558 1667 servom,
590 1615 788 1673 patinam
819 1615 896 1672 qui
930 1616 1081 1660 tollere
1113 1616 1254 1662 iussus
1393 1635 1430 1663 so

165 1732 491 1781 <9:aBDEK
584 1731 716 1781 ΘΛ)

167 1826 220 1865 5ss
244 1828 404 1865 furimus
425 1828 544 1873 Goth„
568 1827 733 1875 fugimus
753 1829 803 1870 B,
828 1828 999 1875 cupimus
1025 1831 1196 1869 aDEK
1206 1833 1237 1868 Φ
1309 1832 1431 1869 incru-

71 1875 171 1912 stare
209 1876 344 1926 αΚΘ
374 1877 528 1923 ΡοιῬῙι.,
564 1875 752 1913 incurtare
783 1877 934 1921 BDE,·
972 1878 1220 1928 <incur-tare>
1246 1880 1432 1925 minuere3

71 1921 212 1960 lectum
237 1926 296 1962 eet
319 1926 359 1961 et
382 1925 590 1961 incrustare
614 1925 721 1961 schol.
744 1925 818 1961 FV
890 1925 940 1962 57
969 1925 1028 1962 illi
1051 1928 1101 1976 Q
1117 1928 1169 1977 Q
1194 1930 1342 1975 Porph„
1367 1929 1432 1965 ille

71 1970 211 2008 mand.
298 1972 351 2010 60
374 1974 545 2009 uer-etur
566 1972 616 2020 Q
631 1972 693 2020 Θ,
718 1983 911 2009 uersemur
933 1975 1071 2012 Beana.
1098 1988 1143 2013 ex
1165 1978 1301 2015 scholio
1325 1979 1434 2025 quale

69 2019 178 2056 schol.
199 2022 234 2057 Γ
301 2020 354 2058 64
379 2025 422 2059 ut
438 2020 498 2069 Q,
523 2020 644 2066 (h)eut
670 2022 702 2057 Φ
774 2020 826 2058 85
853 2021 1026 2067 impellat
1108 2024 1160 2072 Θ
1184 2026 1337 2069 Bland„
1362 2026 1431 2062 im-

69 2067 203 2112 pediet
227 2069 395 2117 Bentley,
430 2067 598 2115 appellet
622 2068 830 2106 Lambinus
865 2070 927 2114 (cf.
949 2071 1061 2118 appel
1081 2073 1203 2109 suerit
1227 2074 1270 2110 in
1295 2074 1430 2119 Porph.

69 2114 94 2150 ι’.
114 2115 221 2152 schol.
242 2115 329 2162 PV)
427 2116 606 2153 molestus
627 2116 677 2163 Q
703 2118 838 2163 Pon-ph.
866 2119 907 2163 (i.
923 2120 1032 2156 schol.
1056 2122 1154 2165 PV),
1179 2121 1372 2157 modestus
1400 2123 1432 2157 Φ

70 2161 123 2197 60
149 2184 194 2190 -
219 2164 412 2210 inquimus
443 2166 486 2201 ob
517 2165 612 2201 hanc
635 2166 755 2210 ipsam
779 2166 939 2210 formam
964 2169 1074 2212 affert
1098 2170 1256 2217 Eutych.
1276 2181 1429 2217 gramm.

78 2209 213 2256 V480,
231 2214 283 2249 20
379 2213 432 2249 68
458 2234 501 2239 -
527 2213 683 2259 urgetur
712 2213 756 2249 ob
787 2216 1003 2253 sententiam
1034 2218 1170 2265 allegat
1195 2218 1300 2254 Hier.
1327 2219 1429 2263 epist.

69 2259 129 2301 79,
148 2260 173 2294 9
194 2270 233 2305 p.
255 2262 327 2297 751
354 2262 496 2307 Μέθης,
524 2262 604 2304 133,
625 2263 645 2296 1
668 2272 706 2306 p.
729 2264 824 2298 1148
918 2263 970 2300 70
995 2267 1215 2311 compenset
1238 2265 1429 2309 Sanadon,

69 2309 287 2352 compenset
315 2309 365 2356 Q
381 2309 433 2357 Q
458 2309 627 2355 (Porph.)
752 2309 800 2346 74
831 2311 1003 2358 ignoscet
1026 2313 1075 2360 Q
1092 2313 1158 2360 (ᾗ),
1193 2313 1367 2360 ignoscat
1394 2314 1430 2350 B

73 2352 226 2392 76—80
249 2358 380 2395 omis.
403 2359 443 2394 B
519 2356 568 2393 76
593 2358 778 2402 quatenus
802 2359 862 2408 Q,
889 2361 1067 2407 quatinus
1094 2362 1173 2398 ΚΦ
