1586 2514
520 83 585 120 DE
610 82 740 119 ARTE
765 80 983 118 POETICA.
1341 77 1428 120 313

69 183 284 242 interpres
313 199 390 228 nec
420 183 595 228 dedlies
623 181 825 226 imitator
854 180 903 225 in
933 185 1094 231 artum,

32 283 35 285 .
71 243 186 288 unde
207 243 364 301 pedem
387 244 584 302 proferre
609 241 751 301 pudor
773 246 892 285 vetet
914 245 993 284 aut
1016 238 1159 296 operis
1183 237 1267 290 lex,
1372 252 1422 279 135

68 319 147 348 nec
169 303 234 348 sic
259 303 457 361 incipies,
487 308 539 348 ut
563 302 752 360 scriptor
777 300 966 358 cyclicus
992 299 1125 343 olim:

68 363 312 408 ‘fortunam
337 363 509 408 Priami
535 361 720 408 cantabo
748 367 792 406 et
818 360 965 405 nobile
991 357 1185 403 bellum'.

68 423 178 481 quid
200 423 388 482 dignum
412 429 538 468 tanto
561 423 678 467 feret
701 421 772 466 hic
796 420 1033 478 promissor
1056 418 1218 462 hiatu?

68 483 318 541 parturient
343 489 525 536 montes,
553 487 754 527 nascetur
781 481 995 525 ridiculus
1021 494 1131 523 mus.

67 549 234 601 quanto
259 544 420 588 rectius
445 543 530 596 hic,
556 542 635 600 qui
660 541 726 586 nil
751 539 933 585 molitur
957 539 1130 597 inepte:
1371 553 1423 579 140

68 603 153 648 ‘dio
174 603 300 656 mihi,
324 604 470 656 Musa,
494 603 652 654 virum,
678 607 830 659 captae
851 606 951 658 post
971 606 1177 660 tempora·
1192 598 1350 642 Troiae

67 663 146 721 qui
170 678 310 708 mores
335 663 564 708 hominum
589 662 828 707 multorum
852 660 968 704 vidit
992 665 1036 703 et
1061 658 1217 703 urbes.'

68 738 156 768 non
181 723 359 768 fumum
385 739 439 768 ex
466 722 657 780 fulgore,
684 721 760 765 sed
788 737 840 764 ex
868 720 994 764 fumo
1021 719 1124 763 dare
1150 718 1291 763 lucem

69 783 250 841 cogitat,
279 789 329 827 ut
352 783 548 841 speciosa
574 781 730 826 dehinc
759 780 971 824 miracula
998 785 1185 836 promat,

70 843 350 901 Antiphaten
369 842 649 899 Scyllamque
669 846 713 885 et
731 856 831 884 cum
852 839 1044 897 Cyclope
1063 838 1346 895 Charybdim
1375 852 1426 879 145

69 918 147 947 nec
175 903 369 947 reditum
398 901 629 946 Diomedis
659 901 714 946 ab
744 899 930 944 interitu
960 898 1180 956 Meleagri

70 978 147 1007 nec
172 963 351 1020 gemino
379 961 543 1006 bellum
573 961 815 1004 Troianum
845 959 1016 1003 orditur
1045 958 1099 1002 ab
1128 974 1229 1010 ovo;

68 1037 238 1080 semper
262 1022 318 1066 ad
345 1027 547 1066 eventum
574 1020 761 1065 festinat
788 1025 831 1063 et
858 1020 905 1063 in
932 1018 1098 1063 medias
1125 1034 1191 1062 res

4 1115 6 1117 ·
70 1097 158 1127 non
183 1097 307 1126 secus
336 1098 385 1126 ac
415 1087 541 1126 notas
567 1080 818 1125 auditorem
849 1079 968 1136 rapit
998 1084 1041 1123 et
1070 1094 1180 1136 quae

69 1142 271 1199 desperat
298 1147 484 1186 tractata
512 1141 720 1185 nitescere
746 1155 886 1197 posse,
917 1139 1130 1195 relinquit
1374 1153 1425 1179 150

69 1207 202 1258 atque
230 1201 296 1245 ita
325 1201 553 1252 mentitur,
583 1200 647 1244 sic
676 1199 790 1244 veris
820 1199 935 1243 falsa
965 1198 1178 1250 remiscet,

70 1261 215 1319 primo
241 1277 295 1305 ne
322 1261 531 1313 medium,
561 1259 706 1304 medio
734 1275 788 1303 ne
814 1258 1030 1316 discrepet
1056 1258 1210 1302 imum.

73 1327 137 1374 tu,
164 1321 273 1379 quid
300 1336 383 1378 ego
408 1326 452 1365 et
479 1320 668 1378 populus
694 1335 864 1364 mecum
890 1318 1120 1371 desideret,
1149 1318 1265 1362 audi.

68 1381 108 1426 si
135 1381 321 1438 plosoris
345 1396 447 1438 eges
470 1380 629 1425 aulaea
656 1380 874 1424 manentis
901 1385 946 1423 et
973 1395 1108 1436 usque

73 1444 246 1495 sessuri,
274 1441 409 1485 donec
437 1446 587 1485 cantor
616 1439 704 1484 ‘vos
733 1438 948 1496 plaudite'
978 1439 1120 1483 dicat:
1372 1453 1424 1480 155

69 1500 229 1545 aetatis
256 1501 466 1558 cuiusque
493 1499 676 1544 notandi
706 1505 808 1544 sunt
836 1499 922 1543 tibi
951 1514 1105 1551 mores,

71 1560 395 1618 mobilibusque
422 1560 549 1605 decor
576 1560 747 1604 naturis
775 1559 946 1603 dandus
974 1565 1018 1603 et
1042 1558 1184 1604 annis.

73 1620 251 1665 reddere
275 1620 355 1678 qui
381 1635 503 1665 voces
528 1621 622 1665 iam
649 1620 732 1663 scit
759 1635 867 1676 puer
894 1625 938 1663 et
964 1619 1074 1677 pede
1096 1624 1216 1663 certo

70 1681 221 1738 signat
248 1680 446 1733 humum,
476 1680 612 1738 gestit
636 1679 820 1737 paribus
850 1679 1080 1724 conludere
1109 1684 1152 1722 et
1180 1678 1291 1722 iram

162 1785 426 1833 &zaBGK
519 1785 701 1834 ΘιΒΦ

166 1880 243 1917 186
269 1881 434 1926 cyclicus
458 1881 507 1965 ff)
523 1881 590 1930 Θ,
617 1881 759 1928 cyelius
786 1893 807 1921 ς
953 1880 1026 1917 137
1056 1879 1291 1915 cantabo·et‹
1306 1880 1355 1927 (D
1371 1880 1433 1928 Θ,

70 1930 244 1966 cantarat
269 1930 306 1966 B
439 1929 461 1965 1
491 1929 516 1965 8

69 1978 114 2014 ob
137 1989 220 2013 mus
245 1978 288 2014 in
311 1979 384 2023 fine
408 1988 532 2014 versus
549 1978 647 2015 Serv.
670 1979 760 2015 Aen.
781 1980 818 2022 8,
831 1980 893 2022 83,
918 1978 962 2014 ob
982 1976 1201 2015 sententiam
1221 1976 1326 2012 Hier.
1351 1977 1432 2012 adv.

69 2026 190 2063 Iovin.
209 2028 244 2069 1,
263 2029 284 2061 1
313 2027 462 2072 (Miyne
478 2027 540 2070 23,
551 2029 642 2071 211)
716 2025 927 2072 parturient
944 2024 1056 2073 ΘΘ
1074 2024 1154 2069 (Ps.
1175 2024 1285 2060 Prob.
1305 2024 1402 2061 Serv.
1400 2027 1435 2069 )‚

70 2073 287 2120 parturiunt
311 2086 333 2114 ς
366 2074 506 2118 (Hier.)
621 2075 797 2110 nascetur
822 2094 866 2100 —
893 2084 975 2108 mus
1007 2074 1050 2109 ob
1081 2071 1286 2108 clausulam
1311 2083 1435 2108 mono-

68 2121 252 2169 syllabam
279 2121 403 2168 Quint.
424 2123 508 2158 inst.
530 2124 567 2166 8,
581 2124 678 2164 3,.20
751 2120 842 2157 141.
864 2119 940 2156 142
965 2121 1094 2166 repetit
1119 2120 1180 2156 Ps.
1201 2121 1342 2156 Amen.
1364 2123 1435 2156 445

69 2169 166 2214 (cod.
183 2180 276 2206 saec.
297 2169 415 2215 XIV)
496 2168 567 2205 141
597 2171 769 2215 tempora
791 2169 842 2216 Θ
858 2168 926 2217 Θ,
951 2167 1101 2216 moenia
1126 2179 1148 2207 ς
1175 2168 1253 2211 (Pe.
1276 2169 1433 2212 Annon.)

74 2215 148 2254 147
175 2217 332 2254 iocando
351 2218 459 2261 affert
477 2217 583 2254 Hier.
603 2218 704 2263 epist.
726 2221 785 2262 10,
798 2220 824 2253 2
836 2228 877 2262 p.
892 2220 982 2261 343,
1007 2216 1089 2252 ideo
1114 2216 1180 2251 dat
1199 2215 1247 2251 Et
1268 2227 1338 2261 pro
1357 2214 1436 2251 Nec

72 2263 148 2302 154
200 2264 332 2302 losoris
424 2266 462 2302 R
485 2265 644 2309 Bzana„
676 2264 761 2311 plus
788 2264 862 2300 oris
890 2267 939 2309 Φ,
964 2262 1150 2311 plausoris
1177 2275 1215 2307 ςς
1244 2263 1433 2310 ‘plosoris’

71 2314 110 2349 et
135 2313 176 2360 ‘p
192 2312 352 2349 ausoris’
395 2324 416 2349 e
446 2313 520 2349 ‘tur
543 2313 650 2350 schol.
671 2313 745 2348 ΓΡ*
812 2312 885 2349 157
914 2311 1061 2348 naturis
1085 2312 1135 2358 Q]
1151 2310 1203 2360 Θ
1224 2311 1333 2348 schol.
1354 2311 1437 2355 PV,

71 2361 229 2398 maturis
254 2373 276 2402 ς
363 2361 412 2397 15
466 2383 510 2388 -
536 2361 692 2397 humum
714 2361 760 2397 ob
787 2360 914 2407 signat
937 2361 1043 2397 schol.
1064 2359 1155 2396 Stat.
1180 2359 1286 2396 Theb.
1299 2362 1342 2403 ,4,
1361 2361 1436 2395 257

541 1930 584 1966 ob
608 1941 717 1966 masc.
737 1941 820 1964 mus
845 1930 907 1966 Ps.
928 1929 1038 1966 Prob.
1059 1939 1210 1976 yramm.
1233 1928 1300 1964 IV
1312 1930 1379 1972 25,
1400 1931 1435 1972 7,
1517 1963 1519 1965 .
