1586 2514
584 58 724 95 SERM.
750 57 768 94 1
794 61 849 95 10.
1330 57 1417 101 207

61 158 170 215 quid
197 163 318 202 vetat
347 164 392 202 et
420 163 588 202 nosmet
617 157 767 201 Lucili
796 156 960 214 scripta
989 156 1177 214 legentis

60 233 279 275 quaerere,
307 233 415 262 num
444 217 582 270 illius,
610 233 717 261 num
745 221 891 261 rerum
918 217 1030 261 dura
1057 217 1231 274 negarit

59 277 292 322 versiculos
316 283 475 322 natura
503 277 645 334 magis
669 277 812 320 factos
837 282 880 320 et
905 277 1049 321 euntis

60 337 237 381 mollius
266 352 315 381 ac
347 337 486 394 siquis
515 336 700 394 pedibus
729 336 838 394 quid
869 336 1069 380 claudere
1099 335 1226 388 senis,

59 396 139 440 hoc
167 403 341 442 tantum
372 403 613 449 contentus,
643 403 760 440 amet
788 397 1010 454 scripsisse
1039 396 1245 440 ducentos
1382 411 1417 438 σο

57 462 160 501 ante
185 456 333 501 cibum
362 472 522 509 versus,
551 456 736 500 totidem
764 463 963 511 cenatus;
1002 457 1178 501 Etrusci

57 516 186 574 quale
218 516 312 561 suit
346 516 470 561 Cassi
502 516 657 574 rapido
690 516 935 561 ferventius
966 516 1087 561 amni

56 574 299 632 ingenium,
329 575 470 632 capsis
497 590 627 632 quem
656 575 779 619 fama
807 581 874 619 est
901 590 992 619 esse
1022 574 1235 632 librisque

59 636 307 680 ambustum
335 636 540 694 propriis.
578 636 720 681 fuerit
743 636 957 689 Lucilius,
983 636 1180 694 inquam,

59 695 195 740 comis
222 702 266 740 et
297 696 502 748 urbanus,
532 696 673 740 fuerit
700 697 898 740 limatior
925 696 1043 740 idem
1383 711 1418 738 65

57 771 190 812 quam
219 756 342 800 rudis
374 762 418 800 et
445 755 626 799 Graecis
656 756 812 799 intacti
842 756 1051 800 carminis
1079 762 1230 800 auctor

57 830 276 872 quamque
300 822 529 873 poetarum
555 815 775 859 seniorum
802 816 954 870 turba;
988 816 1063 859 sed
1088 815 1178 868 ille,

56 874 96 918 si
124 874 244 918 foret
273 875 352 919 hoc
380 881 577 920 nostrum
605 876 702 920 fato
731 875 1010 932 delapsus-in
1036 891 1200 928 aevom,

58 934 271 978 detereret
292 934 380 978 sibi
404 934 559 988 multa,
582 935 793 978 recideret
814 950 955 987 omne,
979 935 1097 992 quod
1120 935 1238 979 ultra

59 993 306 1050 perfectum
332 994 589 1047 traheretur,
620 1001 663 1038 et
687 995 737 1038 in
761 1010 886 1038 versu
913 995 1121 1039 faciendo
1383 1011 1419 1037 70

57 1068 186 1110 saepe
216 1059 350 1110 caput
382 1053 587 1106 scaberet,
619 1054 742 1098 vivos
772 1060 816 1098 et
847 1054 1018 1098 roderet
1050 1055 1226 1112 unguis.

0 1123 3 1125 ’
57 1127 186 1169 saepe
213 1113 367 1156 stilum
396 1119 552 1166 vertas,
582 1114 743 1158 iterum
772 1129 883 1171 quae
911 1114 1048 1171 digna
1077 1114 1166 1171 legi
1195 1114 1285 1158 sint

58 1172 316 1229 scripturus,
341 1187 479 1230 neque
504 1179 547 1216 te
569 1179 619 1217 ut
642 1173 827 1217 miretur
848 1173 980 1217 turba
1001 1173 1182 1227 labores,

59 1238 288 1276 contentus
311 1232 463 1289 paucis
487 1232 735 1278 lectoribus.
770 1248 827 1276 an
852 1239 930 1277 tua
952 1233 1128 1278 demens

58 1291 222 1335 vilibus
244 1291 293 1335 in
316 1291 434 1336 ludis
455 1291 616 1336 dictari
638 1293 834 1336 carmina
855 1293 1019 1337 malis?
1384 1311 1418 1337 75

56 1366 146 1394 non
165 1366 263 1407 ego:
287 1366 389 1394 nam
409 1351 526 1394 ‘satis
547 1354 612 1394 est
630 1354 817 1407 equitem
835 1353 942 1395 mihi
954 1353 1184 1409 plaudere’,
1204 1356 1253 1396 ut
1272 1354 1421 1408 audax,

58 1412 322 1468 contemptis
346 1411 461 1464 aliis,
490 1411 668 1469 explosa
692 1412 945 1456 Arbuscula
969 1413 1100 1457 dixit.

59 1486 160 1515 men
188 1477 361 1515 moveat
389 1471 530 1515 cimex
561 1471 784 1515 Pantilius
814 1479 892 1516 aut
921 1473 1084 1517 cruciet
1112 1474 1229 1531 quod

57 1530 232 1575 vellicet
260 1531 482 1575 absentem
515 1531 769 1575 Demetrius
798 1538 876 1576 aut
906 1533 1023 1590 quod
1054 1533 1230 1590 ineptus

60 1590 262 1635 Fannius
290 1591 584 1649 Hermogenis
613 1591 758 1635 laedat
785 1593 966 1637 conviva
995 1594 1196 1650 Tigelli?
1384 1610 1420 1636 80

60 1650 234 1694 Plotius
258 1656 303 1694 et
327 1650 501 1703 Varius,
526 1651 758 1695 Maecenas
782 1651 1104 1710 Vergiliusque,

59 1709 244 1767 Valgius
269 1716 314 1754 et
340 1709 496 1767 probet
520 1710 623 1755 haec
649 1710 858 1755 Octavius
884 1712 1078 1769 optimus
1103 1719 1234 1771 atque

61 1769 231 1814 Fuscus
249 1775 293 1813 et
314 1770 417 1814 haec
437 1770 609 1814 utinam
627 1770 855 1815 Viscorum
877 1772 1026 1816 laudet
1046 1778 1239 1830 uterque.

151 1862 426 1910 &mDEK
521 1862 704 1912 69:134»

154 1945 206 1982 58
243 1946 364 1983 factos
481 1946 555 1995 Q,
593 1947 690 1983 altos
730 1948 836 1985 Goth.
869 1960 909 1993 ς,
954 1951 1063 1995 aptos
1100 1952 1155 1987 vel
1192 1957 1361 1996 comptos
1400 1963 1422 1990 ς

58 1993 111 2030 65
136 1993 303 2030 urbanus
327 1995 377 2042 Q)
453 2023 462 2039 ,
493 1994 648 2032 urbanis
677 1997 708 2032 Φ
804 1997 855 2032 68
887 1996 1064 2043 delapsus
1091 1999 1266 2043 (Bland.)
1294 2011 1333 2043 ς,
1366 1999 1423 2033 di-

58 2040 188 2087 lapsus
211 2042 261 2089 (D
276 2041 344 2091 Q,
371 2043 411 2078 di
427 2045 514 2079 atus
539 2055 562 2084 ς
686 2044 732 2080 71
760 2046 804 2080 ob
836 2044 1008 2081 scaberet
1032 2047 1191 2093 Eutych.
1211 2058 1363 2094 yramm.
1394 2047 1428 2083 V

58 2091 146 2133 467,
163 2091 227 2134 29,
260 2091 424 2137 mpla
456 2091 570 2128 Vatio.
590 2095 682 2137 253,
716 2094 846 2130 Micon
872 2096 945 2130 373
1068 2093 1117 2131 72
1144 2116 1189 2121 -
1215 2095 1422 2141 scripturus

59 2137 104 2174 ob
126 2138 343 2174 mantiam
368 2138 474 2175 Hier.
500 2140 543 2175 in
567 2141 686 2177 eccles.
705 2147 731 2177 2
749 2153 789 2187 p.
811 2143 933 2178 1032G
957 2143 1089 2190 Miyne
1115 2145 1281 2189 (vertat);
1309 2153 1421 2189 saepe

62 2205 105 2212 -
136 2185 262 2240 vertas
299 2186 342 2222 ob
378 2187 576 2233 neyzectam
611 2189 828 2235 positionem
865 2190 994 2235 Pomp.
1026 2202 1179 2238 yramm.
1208 2192 1243 2227 V
1264 2195 1354 2235 109,
1374 2195 1423 2227 16

61 2231 111 2270 75
135 2231 283 2268 Vihbun
300 2233 351 2280 G)
366 2233 429 2281 Q,
454 2233 608 2271 Milibus
634 2237 712 2281 ψλῑ
786 2238 833 2274 77
863 2238 1016 2284 explosa
1034 2260 1081 2266 —
1101 2239 1199 2275 dixit
1223 2240 1267 2276 ob
1291 2250 1422 2276 nomen

59 2281 156 2318 Serv.
183 2281 263 2317 buc.
289 2284 349 2325 10,
368 2285 392 2317 6
510 2281 559 2318 79
583 2283 749 2320 Vellicat
775 2287 858 2331 (sic)
887 2308 930 2313 —
959 2286 1171 2323 Demetrius
1206 2288 1252 2323 ob
1274 2288 1421 2324 verbum

60 2329 219 2376 Eutych.
237 2340 390 2376 yram-m.
412 2329 447 2365 V
460 2332 547 2374 468,
565 2332 618 2367 22
688 2331 754 2368 88.
777 2332 826 2368 82
852 2334 917 2369 hoc
942 2335 1070 2370 ordine
1096 2336 1137 2371 K
1143 2335 1154 2355 ¹
1176 2335 1282 2371 Goth.
