1586 2514
196 102 284 146 300
740 104 885 141 EPIST.
911 105 945 141 II
963 109 995 142 2.

249 202 423 246 Luculli
446 203 570 246 miles
591 203 767 247 collecta
787 204 946 247 viatica
969 204 1120 248 multis

248 262 479 314 aerumnis,
510 262 646 306 lassus
674 263 779 307 dum
808 269 936 307 noctu
966 264 1124 316 stertit,
1155 264 1210 308 ad
1239 280 1374 309 assem
1423 283 1428 286 ·

248 320 520 376 perdiderat:
552 327 650 378 post
673 322 752 365 hoc
774 322 1000 366 vehemens
1024 323 1153 380 lupus
1177 329 1220 367 et
1243 323 1329 367 sibi
1353 330 1396 368 et
1419 324 1531 368 hosti

248 380 385 423 iratus
411 380 589 436 pariter,
617 381 778 424 ieiunis
804 381 1006 425 dentibus
1032 397 1140 434 acer,

195 454 231 480 30
249 439 515 494 praesidium
542 440 686 496 regale
712 440 805 483 loco
831 440 1002 492 deiecit,
1032 447 1081 484 ut
1107 441 1245 492 aiunt,

247 514 413 540 summe
445 498 616 542 munito
648 505 692 542 et
722 499 958 543 multarum
991 500 1128 543 divite
1159 515 1314 543 rerum.

248 557 387 600 clarus
417 557 471 600 ob
501 557 548 600 id
578 558 747 601 factum
777 558 904 602 donis
934 565 1112 603 ornatur
1142 559 1344 611 honestis,

248 615 408 672 accipit
433 622 477 659 et
504 616 569 659 bis
596 617 708 660 dena
734 633 862 674 super
888 618 1083 661 sestertia
1109 634 1349 662 nummum.

248 675 364 718 forte
392 675 473 719 sub
504 675 582 719 hoc
612 682 783 733 tempus
814 677 1037 721 castellum
1067 683 1252 722 evertere
1282 684 1454 735 praetor

197 750 232 776 35
251 735 393 778 nescio
419 736 534 791 quod
560 736 738 792 cupiens
764 737 928 780 hortari
957 737 1098 794 coepit
1123 737 1307 781 eundem

246 794 402 846 verbis,
426 810 538 851 quae
563 795 720 838 timido
744 811 914 852 quoque
938 803 1111 852 possent
1136 796 1292 840 addere
1316 803 1526 840 mentem:

249 853 277 895 ‘i
305 853 427 905 bone,
454 869 541 910 quo
566 854 706 898 virtus
734 860 810 899 tua
836 861 879 899 te
904 861 1039 907 vocat,
1068 856 1084 898 i
1110 856 1217 912 pede
1242 856 1403 907 fausto,

247 913 433 969 grandia
457 913 624 957 laturus
649 914 903 958 meritorum
927 916 1132 971 praemia.
1169 915 1275 972 quid
1300 920 1387 959 stas
1402 915 1434 956 ?’

249 978 345 1028 post
374 972 475 1015 haec
505 972 582 1016 ille
607 978 741 1025 catus,
771 974 1048 1030 quantumvis
1075 974 1274 1026 rusticus,
1303 973 1415 1026 ibit,

196 1047 230 1072 ιο
249 1031 335 1074 ibit
364 1047 426 1083 eo,
458 1047 544 1088 quo
573 1032 652 1084 vis,
684 1032 760 1089 qui
792 1048 942 1076 zonam
973 1032 1182 1090 perdidit’
1213 1033 1370 1090 inquit.

249 1091 413 1134 Romae
441 1091 603 1134 nutriri
631 1091 740 1134 mihi
769 1091 956 1149 contigit
984 1098 1113 1148 atque
1141 1092 1297 1144 doceri,

248 1149 386 1193 iratus
414 1149 546 1193 Grais
572 1156 786 1206 quantum
816 1151 1029 1195 nocuisset
1059 1151 1266 1195 Achilles.

248 1208 440 1252 adiecere
471 1208 607 1252 bonae
639 1210 768 1265 paulo
801 1210 898 1266 plus
931 1210 1039 1253 artis
1070 1210 1284 1262 Athenae,

246 1267 412 1311 scilicet
441 1274 490 1311 ut
516 1267 671 1311 vellem
696 1284 827 1312 curvo
856 1269 1105 1325 dignoscere
1133 1275 1297 1313 rectum

196 1342 229 1369 45
248 1333 378 1383 atque
402 1327 519 1371 inter
542 1327 673 1371 silvas
699 1328 911 1371 Academi
937 1344 1139 1384 quaerere
1165 1344 1325 1372 verum.

248 1386 357 1430 dura
385 1386 460 1429 sed
492 1401 684 1430 emovere
715 1387 807 1430 loco
838 1403 906 1430 me
938 1393 1133 1444 tempora
1163 1393 1288 1444 grato

248 1445 474 1502 civilisque
504 1446 655 1489 rudem
685 1446 788 1489 belli
819 1446 925 1490 tulit
955 1452 1095 1490 aestus
1123 1446 1173 1490 in
1201 1462 1321 1490 arma

249 1505 446 1548 Caesaris
476 1504 672 1562 Augusti
703 1520 790 1548 non
820 1521 1074 1562 responsura
1104 1506 1288 1550 lacertis.

249 1564 363 1607 unde
389 1564 521 1607 simul
550 1565 741 1621 primum
770 1581 837 1608 me
866 1565 1068 1609 dimisere
1097 1565 1296 1622 Philippi

132 1674 134 1676 ,
195 1639 231 1666 50
249 1623 404 1667 decisis
434 1623 643 1667 humilem
674 1624 827 1681 pennis
858 1624 1116 1682 inopemque
1147 1624 1317 1682 paterni

249 1690 292 1726 et
315 1682 421 1726 laris
447 1689 490 1726 et
514 1683 658 1735 fundi,
686 1689 916 1740 paupertas
940 1683 1105 1740 inpulit
1126 1683 1269 1728 audax

250 1748 299 1785 ut
323 1758 468 1786 versus
495 1743 696 1786 facerem
734 1743 802 1786 sed
832 1743 948 1810 quod
976 1759 1063 1787 non
1089 1743 1202 1787 desit
1228 1743 1454 1788 habentem

248 1817 358 1868 quae
380 1807 586 1859 poterunt
609 1818 813 1859 umquam
835 1802 942 1846 satis
966 1819 1205 1860 expurgare
1228 1803 1405 1853 cicutae,

249 1861 295 1904 ni
317 1861 472 1905 melius
494 1861 682 1905 dormire
704 1867 852 1917 putem
874 1878 1005 1918 quam
1027 1862 1209 1905 scribere
1230 1878 1398 1906 versus.
1389 1863 1408 1892 Ῥ

285 1977 450 2024 φιαΕ
541 1977 723 2025 anna>

286 2071 336 2107 82
361 2071 527 2107 honestis
551 2073 600 2119 Q
615 2071 681 2119 Θ,
714 2071 848 2117 opimis
874 2073 1011 2108 Bland
1033 2085 1054 2112 ς
1138 2073 1189 2108 36
1213 2074 1375 2108 mentem
1398 2073 1448 2120 Q
1469 2072 1534 2120 Θ;

193 2120 348 2155 ‘mand
386 2120 577 2165 antiquiss.
608 2120 713 2156 habet
748 2120 894 2155 meteis’
930 2121 1122 2166 cruquius.
1173 2120 1284 2156 illud
1319 2120 1388 2155 -eis
1425 2124 1538 2166 potest

191 2167 304 2211 fuisse
321 2167 498 2203 detortum
516 2168 571 2203 vel
588 2178 756 2203 mancum
775 2179 850 2204 -em
869 2168 910 2203 in
927 2168 999 2212 fine
1016 2179 1139 2204 versus
1157 2168 1343 2214 lonqioris’
1364 2166 1537 2204 Sudhaus

192 2213 240 2249 41
268 2214 375 2258 affert
405 2215 449 2251 ob
478 2226 552 2250 rem
578 2215 712 2260 Porph.
737 2215 798 2251 vit.
820 2215 958 2251 Horati
985 2226 1022 2260 p.
1044 2218 1083 2258 1,
1101 2218 1125 2250 9
1243 2213 1293 2250 44
1317 2214 1452 2250 uellem
1476 2215 1534 2262 Q,

191 2261 331 2307 possim
456 2272 604 2308 possem
629 2274 650 2301 ς
759 2260 810 2297 49
835 2261 957 2308 philip
959 2262 999 2308 pi
1029 2262 1077 2309 Θ
1099 2262 1150 2317 Θ
1173 2262 1298 2308 Povph
1314 2260 1535 2344 ,philippies

192 2310 275 2345 ΓΗ
346 2308 370 2344 5
411 2274 657 2401 ᾱοξίὓΘΘ,
678 2309 768 2345 defit
787 2274 957 2345 Aubertp
997 2309 1048 2345 54
1068 2309 1116 2344 Ni
1197 2309 1264 2357 Θ·
1208 2262 1436 2355 leg-unt:
1457 2308 1533 2356 <ne

192 2369 244 2393 an
267 2356 375 2404 nil.2>
401 2356 533 2392 melius
571 2368 610 2392 se
656 2356 751 2404 (ni)
776 2357 941 2405 uni<ce>
967 2353 1147 2405 uer[s]um
1165 2357 1217 2404 q.]
1242 2357 1300 2392 est
1317 2357 1379 2393 Pe.
1399 2357 1531 2402 Porph.
