1586 2514
199 89 256 131 74

196 473 230 499 25

190 1135 224 1161 35

186 1466 222 1492 40

731 91 875 129 CARM.
900 92 949 129 111
970 98 999 128 1.

407 203 609 232 somnum
639 190 866 233 reducent:
904 207 1077 235 somnus
1105 194 1343 250 agrestium

410 246 520 291 lenis
542 248 736 292 virorum
759 265 846 293 non
868 250 1048 300 humilis
1071 252 1220 296 domos

462 306 642 350 fastidit
669 308 999 366 umbrosamque
1026 310 1182 366 ripam,

525 380 612 409 non
639 366 856 423 Zephyris
882 368 1051 425 agitata
1078 369 1252 427 Tempe.

409 459 726 503 desiderantem
752 462 868 517 quod
895 463 1000 506 satis
1026 469 1090 506 cst
1116 478 1252 520 neque

407 519 726 562 tumultuosum
748 520 957 565 sollicitat
979 537 1096 565 mare

461 592 536 620 nec
558 593 706 621 saevos
729 578 913 623 Arcturi
935 581 1129 624 cadentis

513 636 703 692 impetus
729 643 806 682 aut
833 639 1013 683 orientis
1039 639 1198 691 Haedi,

407 745 494 774 non
515 731 762 776 verberatae
783 734 996 790 grandine
1017 735 1167 778 vineae

406 790 657 847 fundusque
681 793 866 836 mendax
891 794 1041 837 arbore
1063 810 1177 838 nunc
1202 811 1333 852 aquas

457 849 673 906 culpante,
695 867 810 894 nunc
832 853 1043 896 torrentia
1062 857 1188 910 argos

508 909 665 961 sidera,
693 926 807 954 nunc
832 911 993 955 hiemes
1017 913 1203 969 iniquas.

403 1008 623 1046 contracta
646 1004 783 1060 pisces
807 1020 991 1061 aequora
1015 1007 1210 1050 sentiunt

401 1062 528 1105 iactis
554 1063 602 1106 in
628 1063 767 1109 altum
793 1064 1005 1108 m‘olibus:
1039 1065 1121 1109 huc
1147 1066 1352 1123 frequens

455 1128 676 1165 caementa
698 1122 895 1166 demittit
917 1124 1162 1181 redemptor

507 1195 605 1223 cum
629 1181 812 1224 famulis
836 1182 1121 1239 dominusque
1146 1191 1283 1227 terrae

401 1274 683 1318 fastidiosus:
717 1276 789 1319 sed
820 1277 969 1320 Timor
995 1284 1039 1320 et
1066 1278 1218 1321 Minae

398 1334 613 1377 scandunt
640 1335 803 1387 eodem,
833 1351 918 1392 quo
946 1336 1161 1389 dominus,
1192 1353 1327 1394 neque

453 1393 623 1436 decedit
649 1400 793 1437 aerata
821 1395 989 1438 triremi
1017 1396 1115 1452 (et)

505 1458 603 1508 post
625 1453 817 1509 equitem
840 1454 957 1497 sedet
979 1461 1074 1497 atra
1098 1455 1226 1499 Cura.

397 1546 553 1603 quodsi
579 1546 797 1591 dolentem
824 1564 899 1591 nec
925 1548 1149 1606 Phrygius
1175 1550 1287 1607 lapis

396 1620 473 1649 nec
498 1621 791 1663 purpurarum
816 1607 956 1651 sidere
982 1608 1138 1652 clarior

448 1665 614 1709 delenit
641 1682 741 1710 usus
768 1682 844 1710 nec
870 1666 1058 1711 Falerna

500 1725 605 1768 vitis
631 1725 1060 1782 Achaemeniumque
1087 1736 1266 1771 costum.

396 1833 472 1861 cur
494 1819 741 1863 invidendis
763 1820 960 1876 postibus
982 1828 1026 1864 et
1047 1837 1156 1865 novo

392 1877 579 1920 sublime
603 1878 693 1921 ritu
718 1879 873 1922 moliar
896 1880 1094 1923 atrium?

447 1951 522 1979 cur
546 1937 658 1980 valle
684 1943 925 1993 permutem
953 1938 1115 1982 Sabina

499 1995 678 2039 divitias
702 1997 999 2052 operosiores?

272 2110 340 2156 (ᾗ
356 2110 550 2146 ΑΒΒΕ
641 2111 819 2158 Θ;ΒΦ

273 2191 322 2228 35
348 2192 515 2227 demittit
538 2193 586 2240 (ξ)
604 2193 664 2241 Θ,
692 2193 850 2230 dimittit
896 2196 1006 2231 Dm
1102 2195 1153 2231 39
1178 2198 1216 2232 et
1240 2207 1306 2232 om.

1326 2195 1525 2243 cado&

173 2244 289 2285 potest
317 2239 497 2283 dubitari,
523 2252 603 2276 cum
627 2242 669 2275 in
694 2243 752 2277 δπ
776 2242 855 2278 loca
884 2248 1082 2279 cernantur
1104 2244 1262 2288 adra⁸a;
1297 2248 1387 2280 certe
1420 2245 1525 2280 hodie

175 2299 288 2333 mque
311 2288 354 2323 in
378 2287 415 2323 R
438 2298 550 2333 neque
574 2289 615 2323 in
642 2290 672 2323 Φ
697 2290 735 2323 et
759 2290 891 2336 leyitm·

352 2333 496 2370 falerna
514 2336 562 2381 Q)
578 2335 639 2383 Θ,
666 2336 830 2372 falci-nae
854 2337 942 2372 DE
947 2337 983 2373 R

179 2335 255 2370 ΦΒ

985 2288 1036 2325 43
1062 2290 1210 2326 Delenit
1232 2291 1281 2338 Q)
1297 2290 1359 2339 (ID,
1384 2290 1524 2326 Definit

1078 2336 1130 2373 44
1154 2338 1251 2374 vitis
1269 2338 1329 2386 ᾧ),
1358 2338 1460 2374 vaes
1475 2339 1523 2385 Q)
