1586 2514
612 93 760 132 CARM.
786 93 803 130 1
828 97 861 130 4.
883 97 915 129 5.
1393 91 1448 134 15

86 211 202 241 nuno
223 195 346 241 decet
366 200 445 239 aut
463 193 600 238 viridi
623 192 819 237 nitidum
841 198 972 248 eaput
1010 190 1226 248 impedire
1247 195 1393 247 myrto

137 261 216 301 aut
232 255 361 305 flore,
381 260 521 299 terrae
538 268 668 310 quem
685 252 839 296 ferunt
855 251 1038 304 solutae,
1411 264 1446 291 ιο

85 331 200 361 nuno
225 321 269 360 et
292 314 342 360 in
367 313 584 359 umbrosis
611 312 768 356 Fauno
795 311 917 355 decet
959 310 1188 355 immolare
1212 310 1335 362 lueis,

135 390 212 420 seu
231 380 381 433 poseat
399 389 516 431 agna
534 372 623 417 sive
644 372 773 415 malit
792 371 943 415 haedo.

83 482 252 541 pallida
277 482 402 526 Mors
429 495 566 538 aequo
591 479 740 538 pulsat
767 479 876 536 pede
920 494 1161 536 pauperum
1188 477 1390 522 tabernas

135 557 377 601 regumque
394 540 542 586 turris.
581 555 606 584 o
625 539 749 584 beate
767 539 897 591 Sesti,

81 602 200 648 vitae
215 617 390 647 summa
408 600 551 645 brevis
570 615 690 658 spem
711 615 789 644 nos
808 605 927 643 vetat
963 598 1166 643 incohare
1176 598 1379 655 longam3
1409 612 1443 640 ιο

135 662 228 707 iam
249 667 294 706 te
315 666 485 720 premet
506 675 592 704 nox
617 660 882 717 fabulaeque
905 659 1062 703 Manes

82 774 126 813 et
145 769 302 814 domus
322 768 452 813 exi-lis
472 767 708 821 Plutonia3
756 782 842 824 quo
864 766 997 810 simul
1017 765 1189 818 mearis‚

137 844 215 874 neo
235 844 371 887 regna
390 827 485 872 vini
503 827 686 871 sortiere
709 827 812 870 talis

83 903 160 933 neo
186 894 384 933 tenerum
411 887 612 944 Lycidan
639 887 866 939 mirabere,
914 901 1001 943 quo
1026 885 1138 929 calet
1163 885 1366 929 iuventus

135 963 251 992 nune
269 947 413 992 omnis
434 953 477 990 et
497 962 598 990 mox
619 947 815 1004 virgines
837 946 1062 1003 tepebunt.
1407 959 1443 987 20

741 1113 793 1157 V.

242 1197 354 1254 Quis
378 1197 518 1241 multa
540 1197 722 1254 gracilis
745 1204 788 1241 te
812 1212 920 1253 puer
943 1197 991 1239 in
1014 1211 1109 1239 rosa

241 1258 449 1315 perfusus
470 1257 656 1314 liquidis
679 1263 808 1314 urget
831 1256 1037 1300 odoribus

294 1323 436 1375 grate,
460 1317 647 1374 Pyrrha,
669 1317 751 1361 sub
773 1317 935 1361 antro?

348 1377 420 1421 eui
443 1377 611 1421 flavam
633 1377 795 1434 religas
817 1392 985 1420 comam

238 1484 428 1541 simplex
447 1484 720 1528 munditiis?
758 1484 842 1528 heu
862 1483 1063 1540 quotiens
1085 1482 1224 1525 fidem
1423 1498 1442 1525 ο

241 1550 520 1601 mutatosque
541 1544 642 1588 deos
664 1543 798 1587 flebit
821 1550 863 1587 et
887 1559 1038 1600 aspera

294 1603 437 1661 nigris
458 1619 646 1661 aequora
666 1604 808 1647 ventis

348 1663 610 1708 emirabitur
637 1664 827 1707 insolens

239 1770 319 1828 qui
342 1785 457 1815 nunc
480 1776 524 1814 te
545 1771 716 1814 fruitur
741 1770 940 1814 credulus
962 1784 1107 1820 aurea,

238 1829 318 1887 qui
343 1845 514 1887 semper
537 1846 735 1882 vacuam,
763 1846 932 1887 semper
959 1828 1193 1873 amabilem
1406 1845 1441 1872 10

291 1895 453 1947 sperat,
477 1889 647 1934 nescius
671 1905 801 1934 aurae

347 1949 536 1993 fallacis.
579 1950 742 2001 miseri,
767 1950 928 2006 quibus

174 2071 406 2120 52:211>ss
498 2072 681 2120 &aas

175 2173 226 2210 12
252 2174 296 2211 ob
321 2173 502 2211 ablativos
526 2174 624 2212 Serv.
645 2175 723 2211 buc.
745 2177 780 2219 3,
795 2178 843 2211 77
945 2173 994 2210 18
1019 2174 1063 2209 ob
1089 2174 1285 2221 imayinem
1312 2174 1438 2222 Quint.

78 2222 165 2259 inst.
186 2225 223 2267 8,
237 2225 273 2267 6,
290 2223 342 2259 27
436 2221 584 2268 pallida
613 2233 713 2258 mors
738 2223 836 2260 Serv.
857 2224 949 2259 Aen.
970 2225 1007 2266 2,
1025 2224 1109 2259 221.
1137 2224 1209 2258 374
1216 2237 1229 2266 ;
1260 2223 1306 2267 cf.
1333 2222 1438 2259 Hier.

78 2270 122 2306 iot
149 2269 207 2308 Oe.
227 2265 354 2318 praef.
381 2270 513 2317 Miyne
537 2273 599 2314 25,
617 2273 723 2307 8611?
821 2271 869 2306 16
901 2270 949 2314 cf.
977 2270 1097 2306 Garm.
1123 2271 1236 2318 epiyr.
1264 2273 1372 2314 1504,
1393 2273 1442 2306 10

80 2320 188 2362 (saec.
214 2318 277 2364 11)
303 2316 454 2354 fabulae
478 2328 620 2354 manes.

175 2365 215 2411 ὅ,
235 2365 336 2402 5-9
362 2365 405 2401 ob
422 2376 510 2404 rem.
529 2366 669 2402 Donat.
694 2367 771 2404 Ter.
793 2367 894 2403 Eun.
918 2368 1015 2402 1038
