1586 2514
628 73 769 110 SERM.
796 73 830 110 H
849 77 881 110 3.
1351 70 1438 113 227

84 177 316 229 postquam
347 177 414 215 est
442 171 644 230 inpransi
675 177 899 229 correptus
929 186 1031 214 voce
1062 169 1301 226 magistri?

84 230 276 288 porrigis
304 230 419 275 irato
447 247 583 289 puero
611 247 711 276 oum
739 247 883 289 poma,
914 236 1106 283 recusat;

84 290 232 343 ³sume,
260 290 428 335 catelle'
444 307 453 334 z
486 297 643 350 negat;
678 291 716 335 si
742 306 830 335 non
855 291 943 343 des,
973 295 1106 346 optet.
1144 294 1315 332 amator

84 349 284 394 exclusus
307 350 385 407 qui
410 351 562 405 distat,
588 351 684 409 agit
709 351 786 395 ubi
811 366 969 402 secum,
997 356 1068 393 eat
1093 365 1150 392 an
1176 363 1276 400 non,
1386 363 1441 390 260

83 424 171 466 quo
191 409 413 454 rediturus
433 417 528 455 erat
548 426 636 455 non
655 410 898 461 arcessitus,
921 415 964 453 et
986 409 1132 452 haeret

84 468 239 513 invisis
267 469 477 515 foribus?
514 470 605 515 ‘nec
632 485 762 523 nunc,
790 485 891 513 cum
920 484 988 512 me
1018 474 1143 512 vocat
1172 468 1303 520 ultro,

83 528 319 573 accedam?
355 546 414 575 an
439 531 588 589 potius
615 530 803 575 mediter
830 529 967 573 finire
996 528 1199 572 dolores?

83 588 293 643 exclusit;
324 597 520 636 revocat:
548 591 755 635 redeam?
779 605 880 641 non,
903 589 941 633 si
964 588 1184 632 obsecret)
1209 603 1370 631 ——ecce

83 663 239 699 servos,
263 665 351 694 non
370 651 503 708 paulo
524 650 765 708 sapientior
786 649 824 692 ‘o
846 665 928 701 ere,
952 664 1063 705 quae
1085 664 1151 691 res
1386 663 1440 690 265

85 723 162 752 neo
182 709 362 754 modum
384 711 514 754 habet
535 726 672 768 neque
694 709 940 761 consilium,
964 709 1133 752 ratione
1156 708 1369 764 modoque

85 769 264 812 tractari
289 784 377 814 non
398 770 503 814 volt.
537 770 586 814 in
607 785 754 819 amore
778 769 880 812 haec
903 774 1008 812 sunt
1032 768 1162 819 mala,
1189 767 1366 819 bellum,

85 843 170 884 pax
194 844 393 873 rursum:
423 829 528 874 haee
550 829 690 886 siquis
712 829 985 885 tempestatis
1010 843 1142 884 prope
1167 827 1256 870 ritu

85 887 268 932 mobilia
292 895 336 932 et
359 905 485 933 caeca
507 888 742 933 fluitantia
765 895 881 932 sorte
905 887 1071 931 laboret

84 947 262 992 reddere
283 955 401 992 certa
419 948 522 1001 sibi,
545 948 688 992 nihilo
708 948 808 1005 plus
830 947 1020 1004 explicet
1042 963 1089 990 ac
1113 947 1150 990 si
1386 961 1441 988 270

85 1007 278 1051 insanire
305 1014 431 1066 paret
456 1015 574 1052 certa
599 1008 769 1052 ratione
797 1007 1042 1064 modoque.'

83 1066 192 1123 quid
208 1068 228 1108 Ρ
250 1083 350 1112 011111
372 1068 547 1112 Picenis
569 1083 799 1124 excerpens
821 1067 988 1110 semina
1011 1066 1152 1123 pomis

11 1171 13 1173 ,
84 1126 262 1182 gaudes,
290 1127 328 1171 si
355 1142 570 1172 cameram
596 1127 787 1184 percusti
814 1127 945 1179 forte,
974 1142 1104 1183 penes
1132 1132 1174 1169 te
1202 1125 1280 1168 es?

84 1185 228 1242 quid?
250 1202 350 1231 eum
371 1187 501 1231 balba
522 1187 631 1230 feris
651 1201 814 1230 annoso
835 1186 966 1230 verba
988 1186 1151 1242 palato,

84 1245 354 1290 aedificante
381 1262 499 1291 casas
524 1246 602 1304 qui
630 1246 811 1290 sanior?
847 1245 959 1289 adde
984 1261 1181 1289 cruorem
1387 1259 1442 1286 276

85 1305 293 1348 stultitiae
318 1309 446 1362 atque
466 1309 610 1363 ignem
628 1305 772 1362 gladio
793 1307 991 1347 scrutare.
1032 1304 1171 1358 modo,
1196 1307 1384 1359 inquam,

86 1365 274 1410 Hellade
304 1381 506 1424 percussa
533 1366 709 1410 Marius
739 1381 838 1409 cum
870 1365 1133 1422 praecipitat
1162 1380 1219 1417 se,

85 1425 268 1469 cerritus
295 1426 425 1470 fuit?
451 1441 510 1470 an
536 1431 775 1469 commotae
801 1425 986 1468 crimine
1014 1424 1174 1468 mentis

84 1484 279 1529 absolves
305 1485 527 1530 hominem
551 1491 595 1530 et
619 1484 790 1529 sceleris
816 1484 1046 1528 damnabis
1071 1484 1255 1528 eundem

85 1559 138 1587 ex
169 1559 289 1588 more
318 1544 532 1602 inponens
561 1550 747 1602 cognata
776 1544 986 1588 vocabula
1017 1544 1179 1588 rebus?
1387 1559 1441 1586 280

139 1603 402 1648 “libertinus
425 1611 531 1658 erat,
556 1604 635 1662 qui
661 1604 825 1648 circum
852 1604 1046 1660 compita
1070 1604 1205 1647 siccus

86 1662 220 1706 lautis
245 1679 372 1707 mane
396 1679 526 1708 senex
551 1664 754 1708 manibus
779 1663 981 1707 currebat
1005 1670 1049 1707 et
1075 1663 1254 1715 ‘unum’,

85 1719 224 1777 (quid
242 1724 332 1764 tam
349 1724 604 1779 magnum?
632 1721 820 1779 addens),
847 1722 998 1765 ‘unum
1022 1738 1090 1765 me
1116 1725 1280 1778 surpite
1297 1724 1445 1765 morti!

86 1781 155 1825 dis
180 1782 345 1826 etenim
368 1782 502 1827 facile
526 1783 606 1828 est'
632 1783 798 1835 orabat,
825 1798 955 1827 sanus
982 1783 1179 1840 utrisque

178 1873 400 1921 Q>=a1>1c
490 1875 623 1924 Θεῷ

179 1956 255 1994 257
283 1957 326 1993 ob
352 1957 534 2003 impransi
557 1960 664 1996 schol.
691 1960 772 1996 rV
791 1959 852 1995 ad.
878 1961 922 2003 2,
940 1961 992 1995 27
1113 1959 1305 2004 correptus
1330 1958 1379 2041 Q
1395 1958 1447 2006 Θ

86 2005 210 2052 (schol.
231 2004 337 2050 PV),
368 2008 566 2053 corruptus
592 2009 668 2044 cod.
689 2007 894 2044 Frontonis
918 2017 1011 2043 corr.
1031 2008 1073 2042 in
1096 2007 1197 2053 -ept—
1295 2005 1346 2041 2ss
1398 2018 1417 2042 c
1437 2035 1444 2042 .

87 2053 167 2091 Ter.
194 2053 298 2089 Eum.
323 2055 374 2089 46
385 2064 457 2100 sqq.
580 2067 650 2091 nec
673 2056 722 2102 Q
744 2054 811 2103 Θ,
843 2065 890 2090 ne
916 2056 929 2090 l
950 2054 1056 2091 Goth.
1177 2056 1292 2089 uocat
1323 2066 1364 2098 ς,
1396 2055 1445 2099 cf.

90 2102 191 2145 Ταῖς
223 2101 334 2136 uocet
357 2100 407 2148 Q
428 2101 480 2150 Θ
599 2102 676 2139 265
703 2115 724 2139 0
750 2113 811 2138 ere
837 2113 933 2147 quae
958 2113 1016 2138 res
1041 2103 1090 2150 Q
1114 2103 1161 2147 cf.
1185 2103 1217 2138 Τ
1215 2113 1284 2145 er„
1316 2101 1446 2138 chere-

85 2149 211 2195 quires
241 2149 278 2192 2,
310 2147 581 2232 o[r÷srequeres
613 2152 643 2196 l,
674 2151 905 2196 orerequires
937 2150 977 2186 F
1104 2150 1182 2187 266
1212 2149 1331 2185 habet
1353 2150 1446 2197 QZ,

14 2216 16 2219 r
85 2198 186 2234 omis.
207 2195 265 2233 Fz
339 2195 363 2231 2
393 2195 417 2232 2
443 2197 540 2239 Quid
567 2199 659 2246 Q2‚
684 2198 756 2242 Qui
775 2199 831 2235 Fl
904 2197 981 2233 276
1007 2198 1163 2244 inquam
1181 2197 1298 2245 Q&
1321 2199 1446 2243 itaque

83 2245 208 2301 leqt'sse
237 2243 382 2280 videtur
406 2246 542 2292 Porph.
571 2249 611 2290 (i.
637 2248 744 2284 schol.
775 2249 808 2282 Γ
818 2247 851 2281 V
873 2258 913 2292 p.
943 2249 1024 2290 157,
1043 2250 1128 2292 23),
1166 2246 1205 2281 in
1237 2256 1349 2290 quem
1381 2247 1447 2291 (sic

14 2319 16 2321 .
84 2293 260 2330 ‹instinc-ta
294 2293 461 2330 scrutare
494 2295 624 2338 modo,
658 2295 698 2331 in
733 2296 857 2340 quem)
883 2294 1034 2330 Franks
1130 2293 1208 2330 283
1235 2292 1333 2336 Quid
1366 2295 1446 2329 tam

13 2363 17 2370 ‚
84 2341 134 2389 Q
149 2340 202 2389 Q
226 2340 379 2384 Bland„
404 2340 592 2384 Quiddam
618 2344 632 2379 1
652 2343 758 2379 Goth.
779 2354 801 2382 ς

1161 2401 1229 2437 15·
